2788 4616
224 161 299 292 424
563 223 599 290 C.
618 225 655 292 B.
676 219 792 292 HASH
810 221 963 294 NOTAE
1017 237 1022 249 '

223 379 422 468 ammittas,
443 385 504 446 eos
518 379 620 446 ἵππων
631 373 731 446 αότοῖν
742 374 958 446 ἆιτοττλεόττιτν.
983 375 1036 442 nai
1048 369 1115 444 τότε
1124 371 1249 458 ἤρξαντο
1264 373 1307 444 et

224 468 331 553 όπειρα
344 464 450 548 πλήθη
463 472 523 531 ταῖν
537 469 632 540 πεζῶν
645 472 701 530 τοῦ
714 468 843 548 Xandioi
854 467 950 544 ξίφεσι
965 459 1141 546 συγκόπτειν
1153 464 1304 542 σφοδροῖς·

115 558 147 619 P·
162 558 215 618 204
228 553 282 629 sile
297 551 551 635 συγκοπτομὲνους
562 549 636 616 lide
647 550 666 614 ό
678 546 803 628 distein,
824 547 897 634 πρὸς
913 546 1012 630 φυγήν
1025 547 1167 630 ἐτρέπετο,
1188 545 1240 607 πολ
1249 541 1309 608 στό-

227 645 286 717 ζειν
302 635 407 702 ἑαυτόν
426 633 480 716 bon
496 631 624 717 δύναμις
646 638 840 719 διηγωνίζετο.
869 634 931 698 Καὶ
945 629 1039 707 οὕτως
1053 633 1072 696 ό
1086 625 1262 714 Μόγιοτρος
1275 625 1310 694 τό

225 720 355 806 uicenos
373 720 405 785 τό
425 719 527 783 Χόλεπ
546 716 672 802 immi
687 720 851 802 παρέλαβε,
872 717 924 782 καλ
943 710 1222 798 ἀντιλαμβανόμενος
1234 711 1311 790 τούς

225 807 428 892 ζωγρηθέντας
447 800 644 886 Ἀγαρηνοός,
664 805 714 867 nai
739 803 795 885 τὴν
815 800 929 884 πολλὴν
943 808 1004 866 τῶν
1018 797 1311 882 λαφύρωνλσννογω-

224 893 297 978 γῆν,
318 888 393 971 πρὸς
410 885 443 952 τό
465 886 628 965 Βυζάντιον
654 884 848 970 ἀναστρέφειν
873 889 969 970 ἔκρινε
985 889 1056 950 δεῖν.
1096 887 1159 945 Le.
1182 887 1238 944 Iee
1255 907 1313 944 re-

222 983 301 1060 gina
323 975 444 1033 urbium
459 977 615 1054 prefectus
639 979 670 1033 in
692 995 803 1054 agrum
815 973 955 1032 barbarie
968 974 1181 1031 conterminum
1195 993 1225 1028 se
1237 991 1312 1029 con-

225 1063 311 1134 tulit,
333 1063 480 1140 regionem
501 1056 638 1119 incendio
657 1071 799 1134 vastans,
820 1060 1001 1116 munitiones
1016 1068 1150 1116 evertens.
1191 1053 1313 1114 Deinde

226 1145 363 1205 omnibus
386 1149 482 1224 copiis
507 1146 638 1224 Alepum
659 1143 825 1213 contendit,
848 1145 1125 1220 frequentissimam
1141 1141 1316 1219 opibusque

225 1233 368 1308 refertam
379 1233 544 1306 civitatem,
568 1227 713 1290 αιίνετιιιο
728 1232 856 1307 impium
874 1225 1112 1288 Cleanibdanum.
1152 1226 1216 1299 Ita,
1238 1247 1316 1284 cum

227 1315 272 1373 ad
289 1315 390 1373 urbem
408 1316 495 1372 illam
515 1317 706 1394 peruenisset,
728 1311 852 1394 offendit
866 1316 979 1371 circum
993 1335 1060 1371 eam
1077 1309 1316 1371 Clrambdanum

225 1404 291 1459 acie
312 1403 464 1458 instructa
475 1421 589 1479 magna
607 1421 676 1458 cum
690 1396 885 1458 multitudine
901 1397 1058 1472 Arabum,
1078 1398 1318 1467 Delemitarum,

229 1481 414 1561 Cardorum,
437 1497 609 1564 caeteraque
629 1481 720 1542 tn'rbn
738 1506 772 1542 es
795 1485 914 1564 regione
931 1493 1055 1541 coacta:
1076 1480 1233 1561 peditibus
1252 1481 1317 1538 lio-

225 1557 321 1652 stiu'm
342 1571 599 1649 Alepensibueque
622 1569 697 1628 solis
722 1567 809 1628 ambo
823 1567 917 1630 ¹uada
929 1569 1076 1647 fluminis
1097 1565 1316 1642 obtinentibus,

227 1667 263 1713 ut
272 1658 406 1712 transitu
418 1657 574 1714 exercitum
587 1655 759 1712 Romanurn
766 1653 965 1732 prohiberent.
1006 1653 1069 1712 Hic
1084 1649 1316 1727 clamitantis,

225 1761 279 1818 spe
287 1740 375 1815 falsa
388 1738 540 1812 inductus,
553 1739 687 1818 firmiter
700 1739 886 1814 consistebat,
910 1741 1054 1816 ignorans
1069 1741 1158 1795 miser
1163 1783 1172 1812 ,
1194 1739 1227 1794 in
1244 1757 1319 1794 nsa-

225 1844 272 1884 nu
342 1823 413 1880 belli
438 1823 606 1899 auxilium,
628 1834 655 1881 et
674 1823 731 1881 boc
752 1866 759 1882 .
777 1867 784 1882 .
804 1822 890 1882 Ιιονίο
910 1825 1060 1902 Magistro
1083 1820 1315 1900 inoestiga[nte]

224 1904 311 1966 vado
328 1909 490 1986 fluminis,
519 1905 678 1988 diligenter
696 1919 850 1988 perspecto
870 1909 1005 1968 locorum
1025 1911 1088 1965 situ
1100 1928 1156 1985 per
1171 1909 1319 1986 superius

225 1989 356 2068 vadum,
369 2001 465 2071 'aegre
484 1993 565 2070 lieet,
587 2013 657 2052 cum
679 1992 864 2072 equestribus
883 1995 1015 2052 numeria
1032 1995 1114 2071 equis
1132 1990 1317 2050 natantibus

226 2080 346 2146 transit.
392 2078 458 2158 Quo
491 2089 632 2158 superato
656 2078 903 2138 innumerabilem
926 2075 1152 2136 multitudinem
1171 2075 1317 2155 peditum·

230 2157 420 2220 Chambdani
438 2165 546 2220 acriter
564 2159 684 2244 gladiis
708 2165 847 2243 conficere
861 2173 1032 2242 coeperunt:
1053 2183 1129 2242 quoe
1142 2183 1213 2222 cum
1226 2157 1319 2219 caedi

226 2243 341 2305 videret
351 2267 501 2326 arrogans
512 2247 673 2322 barbarus,
697 2251 729 2307 in
743 2249 859 2327 sugam
875 2267 1035 2306 convereue
1049 2249 1124 2326 quin
1137 2269 1168 2304 ee
1180 2255 1319 2305 servaret

227 2329 309 2388 nibil
323 2329 367 2388 ad
380 2335 557 2390 celeritatem
575 2333 636 2390 sibi
647 2333 760 2412 reliqui
763 2335 851 2410 fecit.
893 2333 1000 2412 Itaque
1012 2333 1175 2410 Magister,
1196 2332 1319 2389 nemine
1365 2338 1375 2352 '

168 2405 173 2420 '
227 2416 363 2492 amplius
377 2419 541 2493 resistente,
561 2417 681 2496 Halepo
695 2418 765 2474 urbe
773 2420 895 2496 potitus
907 2428 959 2492 est,
983 2419 1199 2496 Saracenisque
1212 2417 1318 2493 captis

227 2509 254 2554 et
272 2519 388 2578 magna
402 2499 536 2576 praedae
558 2503 591 2558 ui
605 2505 769 2577 assumtis,
794 2501 1083 2581 Constantinopolim
1099 2505 1204 2560 reverti
1216 2503 1316 2560 insti-

226 2584 298 2640 tuit.
339 2583 417 2640 Haec
439 2585 497 2643 iam
522 2605 539 2643 a
558 2604 605 2642 me
619 2585 651 2643 in
671 2586 796 2646 Notitiae
815 2585 1238 2666 Manuscriptt.V11L265.C.
1258 2606 1318 2645 re-

224 2665 285 2725 lata
300 2665 361 2724 huc
376 2669 525 2744 revocavi,
546 2678 582 2726 ut
598 2667 754 2730 historiam
770 2670 967 2750 expeditionis
985 2670 1215 2750 Nicephoriunas
1236 2670 1319 2728 ittu-

225 2750 360 2810 strantia.
401 2751 531 2812 Eandem
557 2755 724 2816 summatim
744 2757 893 2834 attingunt
918 2755 1225 2822 cedren.11.645.B.
1253 2755 1317 2813 Mi·

227 2833 312 2892 chssil
323 2836 431 2914 Glycts
450 2838 521 2902 305.
538 2835 573 2898 Α.
589 2839 718 2898 Zonaras
732 2839 770 2900 II.
786 2845 857 2906 197.
872 2841 905 2898 Β.
920 2850 949 2899 et
957 2839 1074 2898 Simeon
1087 2839 1223 2917 Magister
1234 2839 1319 2898 inter

227 2919 350 2998 Scriptt.
362 2930 430 3000 post
444 2919 618 3000 Theophan.
633 2923 705 2990 498.
720 2925 754 2982 l).
785 2923 969 3003 Copiosiores
985 2934 1054 2984 sunt
1071 2925 1240 2984 Elmaeinus
1256 2924 1318 2982 Hi-

228 3007 319 3062 storia
333 3007 466 3064 Saracen.
482 3007 543 3064 edit
557 3007 664 3086 Erpen.
679 3012 750 3076 223.
762 3007 795 3067 C.
806 3008 1041 3089 Abulpharagius
1058 3008 1195 3070 Chaonio.
1209 3011 1277 3087 Syr.
1294 3009 1319 3070 I.

228 3091 297 3154 195.
320 3091 352 3151 G.
376 3100 404 3148 et
424 3090 567 3150 Abulfeda
592 3092 699 3151 Annei.
719 3093 895 3152 Moelemicis
921 3094 991 3153 edit
1012 3095 1111 3152 Adler.
1132 3094 1168 3154 ll.
1188 3094 1259 3160 476.
1278 3092 1318 3157 A.

227 3171 388 3232 Delemitae
397 3219 408 3252 ,
428 3197 552 3253 quorum
574 3175 610 3235 fit
622 3176 730 3236 mentio
748 3197 837 3256 supra
852 3183 923 3246 203.
938 3179 970 3240 C.
985 3187 1058 3236 sunt
1068 3198 1138 3256 gens
1151 3178 1184 3236 in
1196 3177 1319 3238 Parthia

202 3257 312 3313 Beirca
332 3278 412 3318 mare
427 3261 583 3339 Caspium,
605 3261 637 3322 in
657 3262 724 3339 iugo
743 3264 888 3322 montium
901 3284 960 3341 quo
982 3283 1064 3321 nunc
1078 3261 1189 3321 Ghilan
1204 3273 1235 3321 et
1250 3263 1319 3322 Ma-

226 3341 385 3400 zanderam
418 3364 435 3401 a
462 3345 625 3422 provinciis
653 3345 775 3424 Algebal
800 3357 830 3406 et
858 3348 927 3407 irak
942 3345 1036 3426 Ajami
1062 3347 1320 3409 disterminantur.

226 3422 394 3483 Dilimnitas
417 3425 625 3508 [Διλιμνίτιις]
653 3441 816 3490 memorant
830 3431 888 3492 iam
901 3429 1037 3508 Agathias
1054 3437 1104 3498 92.
1120 3433 1155 3492 D.
1170 3442 1200 3492 et
1218 3431 1323 3492 Theo-

227 3505 385 3586 phylactus
405 3509 555 3572 Simocatt.
575 3519 627 3578 96.
649 3514 681 3574 C.
708 3514 875 3576 Militabant
889 3525 964 3574 tunc
978 3536 1045 3575 cum
1060 3516 1167 3575 Gurdis
1182 3517 1323 3576 finitimis

226 3591 261 3649 in
285 3592 463 3654 exercitibus
485 3595 626 3662 Arabum.
667 3597 850 3663 Theodosius
871 3601 1019 3662 Diaconos
1036 3600 1080 3662 De
1101 3603 1324 3684 expugnatione

229 3675 333 3736 Cretae
345 3677 465 3738 Aeneas.
479 3679 515 3744 V.
527 3687 586 3750 22:

650 3837 694 3859 ·-
706 3806 787 3890 utils
809 3807 842 3874 iv
862 3806 945 3892 τάχει
1064 3842 1073 3861 ⁸

395 3889 463 3950 Τῶν
484 3892 650 3970 Δελεμιτιῖν
663 3895 821 3975 βιλτβιτοῑν
835 3893 906 3970 robe
919 3889 1032 3972 τόπους

391 3973 497 4037 Helen
519 3974 749 4042 smalstertin
773 3977 873 4059 βόλος,
894 3975 1144 4065 commessoriane.

228 4091 356 4192 Tametsi
368 4091 412 4156 ibi
431 4095 588 4178 Fegginins
600 4103 672 4168 389.
692 4103 728 4164 1).
743 4107 912 4187 delinieris
933 4125 996 4166 non
1012 4108 1106 4186 gentis
1121 4127 1248 4186 nomen,
1271 4108 1327 4168 sed

228 4181 405 4254 generaliter
420 4185 553 4246 omnium
566 4186 780 4251 Saracenorum
794 4201 1022 4269 cognomentum
1035 4212 1096 4254 esse
1110 4201 1208 4274 putet.
1250 4193 1328 4252 Flu-
