2786 4620
278 251 353 322 seo
577 255 839 326 LUITPRANDI
867 254 1064 359 menno

275 417 420 502 pecunia,
443 436 501 497 qus
521 415 683 496 pollemus,
706 435 807 477 omnes
829 416 962 476 ustiones
984 434 1074 496 super
1094 416 1193 496 ipsum
1215 417 1370 478 invitabi-

273 540 354 594 mus,
377 527 407 577 et
427 517 509 599 quasi
530 518 718 578 Keramicum
734 511 795 599 ³³),
815 516 848 575 id
871 527 914 576 est
933 539 986 577 vas
1003 517 1113 592 fictile,
1134 519 1216 597 quod
1239 522 1371 580 conlea-

273 630 357 680 ctum
376 619 529 679 reformari
544 619 666 699 nequit,
688 619 916 697 confringemus.
959 621 997 680 Et
1017 619 1157 700 quoniam
1172 631 1204 680 te
1219 622 1253 680 in
1267 621 1371 682 deeo-

272 743 337 786 rem
356 741 442 782 suum
464 723 606 798 quaedum
621 723 712 802 pallia
729 721 830 780 emisse
846 732 1000 801 putamus,
1021 733 1057 782 ut
1077 723 1109 780 in
1130 722 1261 782 medium
1286 743 1370 803 pro-

273 825 422 898 ferantur,
444 823 604 894 edicimus,
632 845 705 903 quoe
726 832 795 882 sunt
814 823 899 882 vobis
929 823 1033 901 digna,
1059 823 1196 904 plumbea
1217 832 1371 883 notentur

276 927 375 1000 bullo,
396 924 537 1004 vobisque
553 925 704 1002 sinantur,
728 945 802 1004 quae
819 944 890 984 vero
912 920 1100 1006 solvdpsvo,
1120 925 1154 984 id
1171 925 1371 1004 estlnstioui-

247 1027 329 1087 obus
356 1027 509 1105 omnibus,
528 1049 600 1107 prae
625 1028 709 1087 nobis
736 1027 890 1104 Romanis,
919 1027 1068 1106 prohibita
1075 1074 1084 1105 ,
1110 1027 1207 1107 pretio
1231 1025 1371 1102 reddito,

275 1128 454 1204 auferantur.
497 1129 587 1202 Quod
601 1150 670 1188 cum
684 1129 769 1188 fieret
776 1173 787 1205 ,
808 1129 938 1209 quinque
953 1130 1026 1190 mihi
1041 1127 1268 1211 pretiosissimas
1283 1148 1370 1209 pur-

271 1249 362 1310 puras
390 1227 593 1292 abstulerunt:
621 1231 758 1310 indignos
790 1252 861 1307 vos,
897 1251 1055 1311 omnesque
1085 1232 1189 1306 Italos,
1218 1233 1369 1308 Saxones,

201 1323 203 1330 ¹
272 1332 420 1407 Francos,
441 1331 600 1409 Bagoarios
615 1326 677 1414 34),
706 1334 833 1412 Suevos,
855 1335 945 1394 immo
964 1344 1084 1394 cunctas
1102 1331 1239 1393 nationes
1253 1330 1368 1392 huius-

273 1432 354 1492 modi
369 1441 451 1494 veste
465 1442 585 1492 ornatos
599 1432 737 1495 incedere
750 1434 925 1496 iudicantes.
969 1435 1058 1507 Quod
1071 1455 1159 1513 quom
1172 1435 1368 1511 indecorum,

274 1554 419 1615 quamque
443 1535 689 1594 contumeliosum
708 1537 764 1614 sit,
795 1537 912 1613 molles,
940 1536 1156 1611 effoeminatos,
1185 1536 1365 1611 manicatos,

272 1638 409 1711 tiaratos,
435 1637 619 1713 teristratos,
641 1637 813 1715 mendaces,
833 1649 954 1698 neutros
969 1637 1028 1710 ³⁵),
1057 1637 1187 1713 desides,
1208 1657 1365 1716 purpura-

273 1747 319 1797 tos
334 1737 486 1813 incedere,
508 1737 612 1798 heroas
629 1758 700 1798 vero
709 1783 718 1816 ,
728 1740 821 1799 'viros
836 1739 949 1800 scilicet
965 1741 1074 1819 fortes,
1096 1740 1221 1799 scientes
1234 1739 1364 1814 bellum,

271 1838 356 1914 fidei,
380 1837 589 1920 charitatisque
602 1841 716 1920 plenos,
737 1841 799 1902 Deo
814 1841 958 1916 subditos,
978 1842 1140 1903 virtutibus
1154 1841 1261 1922 plenos
1279 1861 1362 1900 non:

271 1939 347 2019 quid
371 1949 429 2010 est,
457 1941 483 1998 si
505 1962 566 2001 non
589 1942 663 2002 liaeo
684 1944 863 2003 contumelia
884 1945 950 2005 est?
985 1945 1043 2005 Sed
1061 1945 1113 2004 ubi
1134 1956 1197 2022 est,
1225 1945 1360 2024 inquam,

244 2041 485 2121 Dlmperntorius
506 2043 624 2102 sermo?
656 2044 709 2104 ubi
725 2046 890 2126 Imperialis
910 2045 1087 2127 promissio?
1118 2067 1186 2106 cum
1211 2047 1291 2106 enim
1310 2047 1362 2105 illi

270 2143 481 2220 valedicerem,
509 2145 628 2224 rogavi,
655 2155 692 2206 ut
712 2148 746 2206 in
768 2149 915 2208 Ecclesiae
936 2149 1079 2210 honorem
1098 2147 1252 2227 quantivis
1268 2149 1361 2228 pretii

270 2267 317 2306 me
340 2246 523 2327 permitteret
548 2249 639 2328 pallia
663 2269 766 2312 emere.
818 2251 877 2324 Qui
897 2252 954 2326 ait,
983 2249 1145 2329 qualisvis
1170 2260 1201 2310 et
1225 2255 1359 2328 quanta?

269 2345 410 2428 ποιότητα
422 2349 474 2412 sal
487 2345 650 2429 ποσότητα,
679 2351 712 2411 id
731 2361 774 2412 est
795 2354 966 2432 qualitatem
987 2361 1016 2410 et
1035 2352 1229 2430 quantitatem
1242 2371 1358 2432 ponens

270 2451 467 2512 differentiam
479 2452 567 2531 plane
583 2472 644 2510 non
663 2451 779 2532 posuit,
801 2463 835 2510 ut
856 2453 982 2529 diceret,
1005 2451 1069 2528 his,
1092 2452 1198 2512 stillis
1213 2455 1357 2532 exeeptis.

270 2551 364 2610 Testis
381 2560 425 2611 est
441 2552 499 2611 Leo
514 2553 685 2632 Coroplates
703 2553 795 2612 frater
811 2553 873 2612 eius
882 2576 891 2630 5
913 2554 995 2614 testis
1009 2564 1055 2614 eat
1070 2563 1098 2614 ot
1113 2553 1258 2634 interpres
1269 2555 1358 2615 Evo-

270 2651 379 2726 disius,
402 2653 534 2728 Ioannes,
556 2656 720 2732 Romanus,
741 2656 824 2715 tostis
837 2677 902 2716 sum
917 2656 988 2736 ipso,
1011 2656 1071 2735 qui,
1094 2655 1177 2735 quod
1192 2656 1359 2735 imperator

270 2753 399 2841 diceret,
431 2755 518 2813 etiam
540 2753 566 2812 si
592 2754 738 2834 interpres
762 2757 889 2832 abesset,
911 2757 1062 2833 intellexi5
1090 2757 1142 2816 ssd
1169 2750 1357 2838 κωλυόμενα,

269 2855 303 2915 id
318 2865 362 2916 est
374 2855 524 2936 prohibita
538 2854 700 2932 sunthaec,
722 2858 873 2938 inquiunt.
914 2859 952 2918 Et
968 2879 1044 2936 cum,
1066 2877 1141 2938 quae
1154 2860 1272 2936 asseris,
1293 2859 1358 2917 lm·

269 2967 390 3040 perator
403 2959 528 3034 diceret,
551 2957 588 3016 de
605 2957 713 3045 talibus
725 2961 845 3037 saltem,
867 2971 902 3020 ut
914 2961 1090 3036 somniares,
1113 2979 1173 3018 non
1188 2961 1289 3039 potuit
1303 2980 1357 3018 oo·

270 3043 376 3138 gitare:
405 3070 440 3120 ut
469 3062 546 3119 enim
574 3059 704 3137 divitiis,
731 3062 889 3141 sapientia;
915 3062 957 3121 ite
983 3073 1012 3121 et
1038 3062 1158 3122 caeteris
1180 3061 1355 3122 nationibus

239 3172 418 3243 Epraestare
437 3171 518 3223 veste
538 3162 690 3223 debemus:
712 3166 872 3243 atquibus
893 3175 938 3223 est
959 3164 1116 3243 singulasis
1136 3162 1168 3220 in
1190 3163 1355 3222 virtutibus

267 3265 375 3342 gratia,
397 3265 437 3323 sit
459 3264 618 3342 singularis
640 3273 669 3322 et
685 3265 719 3324 in
740 3265 941 3346 pulcritudine
962 3267 1062 3326 vestis.
1100 3263 1356 3343 Haudquaquam

267 3365 440 3442 singularis,
462 3366 599 3446 inquam,
622 3364 696 3426 liaeo
707 3368 796 3429 vestis
808 3369 872 3427 lieri
887 3375 1000 3447 potest,
1021 3385 1089 3424 cum
1101 3385 1190 3443 penes
1207 3385 1265 3423 nos
1279 3365 1355 3424 obo-

266 3465 357 3523 lariae
372 3468 510 3526 mulieres
532 3477 561 3527 et
575 3467 836 3547 mandrogerontes
849 3467 895 3528 his
910 3477 1041 3529 utantur.
1086 3465 1182 3542 Unde,
1204 3466 1354 3544 inquiunt⁷

264 3669 376 3726 nostris
392 3688 430 3727 ex
443 3669 634 3746 victualibus,
655 3668 729 3730 haec
742 3671 863 3731 serendo
879 3671 982 3745 nobis,
1000 3671 1091 3732 vitam
1105 3667 1247 3729 nutriunt
1260 3689 1355 3730 suam.

187 3799 192 3809 ·
265 3768 324 3826 Sed
336 3789 397 3828 non
414 3770 539 3849 amplius
557 3768 753 3849 hoclacient,
780 3773 872 3832 aiunt.
916 3772 1133 3832 Ser-uubuntur
1146 3771 1253 3850 plone,
1279 3769 1356 3830 etsi

266 3869 342 3948 quid
353 3867 524 3933 huiusmodi
537 3873 693 3934 inventum
709 3873 806 3950 suerit,
827 3873 998 3934 verberibus
1016 3893 1128 3949 caesus,
1150 3872 1234 3932 crine
1249 3881 1354 3932 tonsus

196 3981 199 3994 '
265 3991 376 4051 poenas
391 3971 480 4034 dabit.
523 3975 731 4056 Temporibus,
751 3976 872 4054 inquam
879 4020 888 4053 ,
910 3973 1010 4036 beatae
1026 3973 1183 4035 memoriae
1203 3976 1355 4034 Constan-

299 4121 512 4247 Sdpmqqqapqodb
522 4124 596 4178 Cos.
670 4125 719 4195 34)
740 4124 810 4182 Alias
827 4125 972 4212 Bes'oarios.
992 4125 1075 4181 Mar.
1142 4123 1192 4193 35)
1215 4123 1354 4178 Eunuchos

417 4211 435 4260 g
516 4211 565 4250 on.
