2786 4620
232 288 307 367 360
527 293 789 366 LUITPRANDI
814 292 1010 365 OEGATIO

233 468 323 520 suem
343 473 425 516 nunc
442 451 508 514 dico
529 474 663 530 omnem,
686 473 762 534 quae
774 451 829 514 sub
849 462 949 514 restro
965 451 1092 535 Imperio
1105 459 1166 526 est,
1186 461 1325 530 gentem:

232 569 321 640 atque
337 557 452 618 utinam
468 575 572 615 verum
591 556 647 632 sit,
668 557 750 636 quod
766 555 803 617 de
820 554 1021 636 praesentibus
1035 554 1153 636 scripsit
1167 555 1226 615 ista
1242 565 1327 615 tena-

233 660 366 744 poribus.
407 659 539 734 Ceetera,
567 666 603 717 ut
616 659 747 740 scripsit,
769 667 840 719 sunt
853 655 1017 738 usquehuc
1035 657 1193 738 completa,
1213 677 1328 736 quem-

234 762 395 826 admodum
416 777 470 838 per
498 758 597 839 ipsos,
637 761 689 840 qui
712 761 820 822 horum
841 762 984 822 librorum
1012 758 1168 818 scientiam
1198 759 1326 836 liabent,

235 864 349 926 audivi:
371 874 454 924 etex
474 861 575 920 multis
592 861 654 922 eius
671 865 760 924 dictis
774 884 868 923 unum
883 863 916 923 id
936 864 1120 944 proferamus
1133 861 1168 920 in
1180 859 1327 920 medium.

234 965 287 1026 Ait
303 967 380 1024 enim
395 985 477 1025 nune
493 968 673 1049 completum
687 967 726 1026 iri
740 966 935 1046 scripturam,
957 985 1033 1045 quae
1050 963 1142 1024 dicite
1161 961 1252 1024 Λέων
1271 961 1327 1024 sul

234 1059 365 1146 σκύμνος
385 1063 595 1146 ὁμοδιῶζουσιν
630 1066 758 1151 drappos
780 1067 891 1128 Graece
907 1067 964 1143 ita,
990 1067 1127 1127 Latinum
1142 1073 1242 1123 sutem
1262 1062 1325 1122 sic:

233 1165 292 1227 Leo
316 1177 345 1227 et
364 1168 483 1229 Catulus
505 1171 596 1234 simul
618 1169 856 1230 exterminabunt
876 1188 1034 1247 onrgrm,
1062 1167 1145 1228 cuius
1168 1166 1327 1246 interpre-

233 1267 308 1328 tatio
321 1270 484 1330 secundum
499 1271 645 1330 Graecos:
666 1271 729 1347 leo,
749 1271 783 1331 id
795 1279 838 1330 est
848 1272 1049 1331 Romanorum
1062 1271 1123 1330 sive
1139 1268 1326 1326 Graecorum

100 1389 102 1396 ¹
207 1367 414 1449 Blmperator,
427 1379 465 1453 ⁸et
486 1371 608 1432 Catulus
626 1371 810 1432 Francorum
830 1371 945 1432 scilicet
959 1373 1040 1451 liar,
1059 1372 1149 1433 simul
1166 1372 1214 1432 liis
1232 1393 1327 1453 prae-

235 1471 365 1532 sentibus
379 1472 561 1551 temporibus
575 1474 815 1534 exterminabunt
830 1494 982 1552 onagrum,
1003 1473 1036 1534 id
1050 1485 1093 1534 est
1107 1477 1326 1535 Saracenorum
1341 1505 1344 1510 ¹

235 1572 344 1650 Regem
355 1573 537 1635 Africanum.
579 1575 663 1648 Quae
676 1574 881 1655 interpretatio
901 1596 935 1636 eo
949 1575 1024 1635 mihi
1033 1596 1103 1636 vera
1116 1595 1178 1636 non
1192 1575 1324 1652 videtur,

237 1675 377 1755 quonism
392 1677 449 1735 Leo
472 1686 502 1735 et
519 1677 657 1752 Catulus,
678 1678 814 1757 quamvis
833 1677 959 1757 disparis
986 1677 1213 1756 magnitudinis,
1233 1679 1325 1738 unius

235 1785 335 1836 tamen
350 1787 419 1837 sunt
433 1787 573 1855 naturae,
595 1787 625 1836 et
640 1777 764 1856 speciei,
785 1797 837 1837 seu
853 1780 962 1840 moris:
984 1789 1087 1858 atque,
1108 1787 1143 1838 ut
1163 1777 1239 1838 mihi
1258 1799 1326 1838 mea

235 1876 360 1936 scientia
372 1879 518 1956 suggerit,
539 1879 630 1939 sileo
647 1879 830 1938 Graecorum
839 1879 1020 1959 Imperator,
1042 1878 1256 1940 inconveniens
1269 1889 1323 1955 est,

235 1986 273 2036 ut
294 1979 408 2038 catum
428 1980 468 2039 sit
486 1981 669 2042 Francorum
690 1981 771 2048 Rex:
794 1980 929 2059 quamvis
950 1981 1027 2040 enim
1049 1981 1167 2060 utrique
1187 1979 1324 2040 homines

236 2077 313 2156 sint,
338 2079 416 2140 sicut
435 2080 482 2141 leo
509 2091 539 2143 et
558 2083 675 2142 catulus
698 2091 822 2161 uterque
836 2081 972 2142 emmelis
978 2103 988 2160 ;
1010 2081 1120 2142 distant
1138 2092 1240 2144 tamen
1256 2104 1324 2143 mo-

235 2181 318 2241 ribus
336 2190 471 2260 tantum,
492 2203 553 2244 non
571 2185 638 2245 dico
659 2183 756 2245 solum
777 2193 922 2264 quantum
945 2182 1057 2264 species
1079 2183 1252 2262 speciebus,
1273 2185 1325 2245 sed

210 2289 383 2363 Cquantum
392 2285 539 2346 sensibilia
551 2285 778 2356 insensibilibus.
820 2285 941 2346 catulus
956 2306 972 2343 a
986 2285 1069 2346 leone
1079 2286 1125 2346 uil
1136 2285 1194 2346 nisi
1208 2295 1324 2368 tempo·

235 2403 269 2444 re
282 2385 387 2463 distet,
410 2388 506 2446 forma
528 2387 644 2465 eadem,
663 2389 757 2448 rabies
779 2407 858 2465 una,
878 2385 991 2466 rugitus
1009 2385 1098 2449 idem.
1141 2389 1324 2448 Graecorum

234 2483 301 2544 Rex
317 2486 456 2564 crinitus,
478 2488 644 2566 tunicatus,
664 2489 843 2566 manicatus,
863 2488 1044 2566 teristratus,
1064 2489 1207 2568 mendax,
1234 2490 1323 2550 dolo-

236 2603 305 2660 sus,
327 2585 551 2664 immisericors,
571 2589 730 2670 vulpinus,
757 2591 920 2671 superbus,
942 2590 1015 2649 salso
1036 2588 1174 2668 humilis,
1200 2609 1321 2672 parcus,

239 2685 382 2765 cupidus,
403 2689 489 2766 allio,
511 2711 598 2770 cepe,
621 2701 652 2751 et
667 2692 765 2772 porris
779 2711 915 2771 vesocen,
935 2691 1168 2752 balneabibensa
1188 2694 1323 2754 Franco-

234 2807 303 2849 rum
319 2789 384 2847 Rex
407 2801 509 2852 eontra
526 2793 653 2874 pulchre
673 2804 795 2871 tonsus,
817 2793 986 2854 amuliebri
999 2794 1109 2853 vestitu
1125 2805 1206 2855 veste
1220 2797 1321 2860 diver-

236 2905 304 2966 sus,
325 2891 468 2971 pileatus,
490 2915 599 2974 verax,
619 2897 664 2956 nil
679 2897 740 2956 doli
753 2897 880 2970 habena,
901 2896 971 2954 satis
985 2894 1038 2953 ubi
1051 2897 1193 2977 competit
1204 2899 1322 2960 miseri-

236 3011 322 3067 cors,
345 3013 465 3054 severus
478 2997 530 3056 ubi
547 3007 681 3077 oportet:
703 3019 819 3079 semper
835 3017 903 3059 vere
922 2996 1059 3073 humilis,
1080 3016 1232 3077 nunquam
1248 3023 1321 3082 par-

236 3115 305 3172 cus,
327 3116 389 3155 non
412 3097 497 3174 allio,
520 3099 617 3180 cepis,
637 3100 738 3182 porris
760 3119 897 3176 vescens,
918 3107 953 3160 ut
973 3099 1069 3178 possit
1089 3099 1265 3161 animalibus
1286 3124 1319 3163 eo

234 3217 371 3278 parcere,
395 3208 541 3278 quatenus
569 3222 632 3261 non
655 3202 854 3277 manducetis,
877 3199 928 3260 sed
958 3198 1134 3261 venundatis
1163 3206 1320 3283 pecuniam

235 3308 399 3376 congreget.
441 3300 574 3362 Audistis
600 3302 813 3380 differentiam,
835 3303 928 3362 nolite
944 3299 1022 3364 hanc
1045 3301 1320 3384 interpretationem

233 3399 399 3478 suscipere:
421 3411 473 3461 aut
494 3404 573 3463 eninr
590 3406 691 3464 sutura
707 3413 767 3482 est,
789 3414 840 3463 aut
852 3404 926 3463 haee
940 3423 1010 3464 vera
1026 3424 1087 3464 non
1101 3415 1157 3465 est:
1179 3407 1319 3488 impossi-

233 3498 293 3557 bile
308 3508 351 3558 est
363 3500 440 3559 enim
449 3547 457 3578 ,
481 3514 515 3562 ut
528 3506 729 3585 Nicephorus,
752 3506 830 3566 sicot
842 3506 899 3586 ipsi
916 3506 1118 3584 mentiuntur,
1143 3508 1182 3567 sit
1195 3511 1271 3587 Leo,
1292 3520 1320 3572 et

208 3600 312 3660 DOtto
334 3601 373 3660 sit
398 3603 535 3682 Catulus,
558 3608 610 3685 qui
633 3608 720 3666 simul
744 3608 941 3668 exterminent
966 3608 1103 3686 aliquem.
1144 3609 1222 3669 Ante
1243 3611 1319 3670 enim

231 3703 389 3783 pererratis
411 3705 564 3765 amborum
585 3707 714 3786 tinibus,
742 3709 830 3785 exul,
864 3718 916 3770 aut
938 3706 1057 3770 Ararim
1080 3709 1209 3770 Parthus
1230 3712 1319 3790 bibes,

231 3812 283 3863 aut
305 3804 461 3864 Germania
479 3808 599 3886 Tigrim,
622 3831 711 3890 quam
723 3810 909 3891 Nicephorus
929 3819 959 3869 et
978 3812 1051 3871 Otto
1066 3811 1195 3872 amicitia
1216 3820 1320 3874 coeant

231 3913 262 3966 et
274 3905 393 3965 foedera
405 3906 537 3986 iungant.
567 3909 701 3972 Audistis
720 3914 919 3991 Graecorum,
941 3913 1041 3972 audite
1052 3933 1132 3974 nuno
1145 3913 1318 3995 Luilprandi

229 4005 433 4070 Cremonensis
451 4009 592 4091 Episcopi
605 4013 894 4094 interpretationem
916 4013 984 4075 dioc
997 4025 1112 4092 autem,
1134 4024 1245 4076 etnon
1265 4038 1315 4078 so-

228 4125 293 4184 lum
316 4108 400 4186 dico,
422 4111 473 4172 sed
496 4111 628 4191 affirmo,
649 4115 675 4174 si
700 4117 850 4197 scriptura
877 4115 951 4176 haec
971 4117 1176 4198 praesentibus
1196 4128 1240 4178 est
1259 4117 1315 4178 im-

227 4210 337 4289 plenda
364 4211 563 4294 temporibus,
587 4215 643 4278 Leo
665 4227 696 4280 et
717 4217 853 4301 Catulus,
880 4226 980 4301 pater,
1002 4228 1032 4280 et
1053 4217 1152 4298 filius,
1173 4217 1263 4298 Otto,
1287 4229 1315 4280 et
1377 4259 1383 4278 .
