2768 4620
239 257 316 330 240
484 259 545 328 ma
565 257 865 330 VELl’l'A‘I‘IONE
883 261 1068 330 BELLICA

242 425 339 516 λόγων
352 423 590 510 ἀνθρωπαρίων,
618 424 668 488 καί
682 425 835 509 μηδεμίαν
847 430 890 512 τῷ
905 425 996 514 κοινῷ
1009 418 1236 511 προξενοάντων
1250 425 1335 514 ἀφί-

242 540 340 610 λειαν,
368 527 441 592 ἀλλ’
461 525 480 612 ἢ
500 523 596 609 μόνον
612 525 804 606 ίκπιεζόντων
819 529 869 591 καὶ
886 525 1086 614 ἔκτριβάντων
1102 527 1176 602 rode
1190 529 1333 612 πένητας,

241 637 292 699 καὶ
306 635 338 709 ἐξ
351 631 470 705 ἀδικίας
482 630 533 692 καὶ
546 633 667 693 πολλῶν
677 625 815 712 αἱμάτων
829 626 1097 713 πενήτωνὲαυτοῖς
1106 630 1206 714 πολλὰ
1219 629 1337 698 τάλαν-

50 789 57 796 ,
132 793 136 798 .
241 761 283 802 τα
300 736 426 820 χρυσίου
442 727 691 814 ίαισυναγάντων.
727 733 821 797 δεῖδὲ
837 731 1041 815 αὐτοδςμηδί
1056 731 1142 818 παρὰ
1155 739 1217 798 τῶν
1233 740 1338 817 θεμα-

243 843 336 904 τικῶν
351 841 461 922 κριτῶν
476 832 683 915 ἀτιμοῦσθαι,
710 837 762 898 καί
780 830 822 910 ὥς
837 831 1017 920 ἀνδράποδα
1039 830 1271 922 κατασάρεσθαι
1286 839 1367 902 καὶὸ

243 940 457 1024 μαστίζεσθαι,
476 933 574 1018 δεσμά
588 960 621 1001 τε
636 937 687 1001 καὶ
699 935 785 1001 κλοιά
801 935 839 1023 (di
862 943 919 1020 τῆς
931 933 1107 1024 συμφορᾶς)
1122 940 1342 1023 περιτίθεσθαι

243 1042 316 1115 τοδς
330 1041 466 1114 ἐκδίκους
480 1040 540 1118 καί,
557 1037 635 1120 μετά
646 1038 736 1118 Θεδν,
753 1045 894 1123 σωτῆρας
903 1043 1109 1124 Χριστιανῶν,
1126 1043 1176 1103 καὶ
1189 1037 1265 1126 ὖπέρ
1275 1046 1340 1106 τῶν

215 1141 339 1230 Βᾶγίων
354 1142 504 1224 βασιλίων
520 1141 598 1205 καθ’
616 1138 756 1225 ἑκάστην,
772 1137 813 1216 ὡς
827 1145 926 1220 εἰπεῖν,
944 1138 1215 1224 ἀποθνήσκοντας·
1241 1141 1340 1206 adsoni

245 1253 301 1312 τοῦ
315 1241 411 1326 νόμον
425 1240 692 1329 παρακελεάοντυς,
709 1242 980 1328 ἓίιαστονάρχοντα
996 1246 1144 1332 τοῦζίδίου
1159 1249 1236 1310 λαοῦ
1251 1246 1341 1322 ἔξου-

247 1346 375 1427 σιάζειν,
403 1349 454 1410 καί
467 1343 596 1421 τούτους
613 1348 731 1430 κρίνειν.
765 1347 815 1410 καὶ
837 1349 919 1420 τίνος
936 1344 1039 1432 ἑτέρου
1054 1337 1115 1430 ἀρα
1131 1345 1205 1422 λαὸς
1231 1349 1381 1423 σι’κεΐοςλῦ

249 1447 337 1516 droti
357 1448 515 1530 θίματος,
544 1450 570 1510 εί
584 1447 627 1529 μὴ
648 1445 743 1529 μόνον
762 1454 818 1513 τοῦ
842 1455 1032 1534 στρατηγοῦ,
1063 1447 1098 1514 ὃν
1117 1445 1133 1512 ὃ
1154 1446 1341 1530 βασιλεδςὸ

83 1551 336 1637 Βοισλὶπῑο-ἀγιος
351 1551 382 1615 ἓν
397 1551 480 1637 adop*
495 1551 727 1635 προχειρίζεταις
754 1550 805 1614 διὰ
817 1557 908 1615 τοῦτο
920 1552 982 1638 ’γάρ
996 1553 1046 1616 καί
1061 1548 1121 1615 ἀπδ
1136 1557 1197 1615 τῶν
1211 1549 1342 1638 ἀρχαιο-

83 1645 352 1762 ξῦᾞϋξξζτάτων
363 1650 519 1736 Ῥωμαίων
534 1655 653 1716 καὶτοῦ
667 1650 763 1734 νόμου
777 1652 833 1736 τὴν
850 1659 904 1717 aori
921 1656 999 1717 idion
1012 1654 1149 1736 θίματος
1167 1654 1306 1729 ἐξουσίαν
1322 1651 1341 1719 ὅ

93 1837 95 1842 ,
143 1781 198 1830 bus.
254 1755 594 1844 στρατηγδςίκίκτητο,
624 1757 732 1840 κρίνων
746 1753 819 1830 τοὺς
835 1757 1035 1838 ίγκαλοῦντας
1049 1758 1096 1819 ἐπὶ
1112 1765 1342 1841 στρατιωτικοῖς

248 1858 416 1947 πράγμασι,
445 1859 495 1921 καὶ
511 1859 631 1922 διοικῶν
644 1857 683 1920 τά
698 1859 729 1922 dv
743 1864 786 1944 τῷ
800 1858 915 1940 θίγιατι
931 1857 1152 1937 ἀνακύπτοντα,
1173 1857 1249 1940 ἔχων
1264 1883 1338 1923 συν-
1350 1869 1381 1925 15

249 1962 336 2048 εργὸν
356 1959 410 2024 τάν
430 1958 534 2044 κριτὴν
556 1961 608 2024 καὶ
627 1959 704 2044 παρ’
729 1959 825 2024 αὐτοῦ
849 1959 1099 2046 συνεργούμενος·
1134 1967 1285 2046 συνεργῶν
1306 1961 1343 2026 δὲ

250 2067 301 2129 καί
314 2069 358 2150 τῷ
373 2055 609 2150 πρωτονοταρίῳ
623 2064 673 2127 καὶ
689 2071 752 2138 τοῖς
767 2061 870 2138 ἀλλοις
884 2073 949 2139 τοῖς
963 2064 1018 2140 τάς
1032 2071 1087 2129 τοῦ
1102 2065 1250 2146 δημοσιόυ
1266 2067 1342 2128 δου-

220 2167 332 2241 culm
347 2165 614 2249 ίγκεχειρισμίνοις.
650 2161 707 2249 είχε
723 2167 820 2229 δὲκαὶ
835 2161 852 2231 ὅ
868 2163 1064 2252 τουρμάρχης
1079 2171 1135 2250 τῆς
1150 2167 1230 2241 ἰδίας
1245 2166 1342 2230 αάτσῦ

250 2265 388 2355 τυάρμας
405 2268 489 2354 παρὰ
506 2275 561 2332 τοῦ
576 2263 673 2351 νόμον
694 2271 745 2332 καί
762 2275 817 2352 τῆς
833 2275 993 2351 βασιλικῆς
1015 2266 1208 2354 προστάξεως
1221 2267 1272 2332 ἐπ’
1293 2269 1343 2344 ἔξ-

251 2373 358 2445 ουσίας
378 2369 434 2446 τάς
458 2372 587 2455 κρίσεις,
622 2370 702 2435 κατὰ
722 2371 795 2446 τοάς
815 2368 1075 2456 ἐπικρατήσαντος
1095 2368 1209 2446 τάπους
1230 2371 1281 2434 καὶ
1302 2369 1381 2440 odra]

84 2489 139 2542 rat
149 2484 204 2545 too
223 2472 372 2542 ατυάτων
387 2469 547 2558 πρυνάμια.
581 2474 607 2535 εί
620 2474 675 2555 μὲν
688 2465 744 2538 οὖν
759 2473 814 2556 τὴν
829 2470 923 2537 πάλαι
940 2471 1126 2539 κατάστασιν
1142 2469 1234 2538 ὁτῶν
1250 2470 1346 2556 ἁγίων

251 2574 402 2662 βασιλίσιν
419 2571 499 2658 λάβη
518 2574 666 2659 στρατὸς,
694 2577 744 2638 καὶ
758 2574 798 2640 τά
814 2581 969 2640 λυποῦντα
987 2579 1037 2642 καί
1053 2579 1096 2652 εἷς
1111 2577 1215 2640 πενίαν
1230 2574 1346 2652 αάτοδς

254 2678 368 2762 ἀγσντα
382 2671 487 2762 πόρρω
508 2677 652 2760 γίνωνται
669 2674 804 2744 τούτων·
829 2675 962 2762 μεγάλην
982 2675 1134 2763 λήψονται
1150 2679 1342 2765 προθυμίαν,
1365 2666 1375 2695 ²

254 2783 305 2848 καί
316 2777 434 2864 χαράν,
463 2781 513 2842 καὶ
536 2779 727 2864 ἀγαλλίασιν·
754 2782 805 2844 καί
825 2779 1023 2869 γενναιότεροι
1049 2785 1098 2846 καί
1124 2777 1345 2866 εὖτολμιίτερσι

254 2882 385 2961 ἔσονται,
398 2878 640 2967 ἀκαταγιάνιστοί
650 2885 743 2948 τεκαὶ
759 2883 988 2969 ἀκαταμάχητοι
998 2886 1223 2974 τοῖςπολεμίοις
1238 2878 1381 2970 δηθά-αδ

253 3011 347 3066 πολίεσι
362 3009 517 3079 reipublicae
532 3011 667 3066 utilitatem
680 3011 802 3076 afferant,
819 3014 870 3066 nisi
884 3014 952 3082 quod
966 3013 1108 3084 exspoliant
1120 3013 1201 3066 solum
1214 3017 1242 3064 at
1255 3014 1344 3064 oonoe-

251 3089 311 3136 rant
322 3087 436 3149 egentes,
454 3097 518 3149 eque
529 3080 631 3133 ittiuriis
642 3099 672 3133 ac
686 3081 811 3150 sanguine
828 3100 967 3152 pauperum
983 3084 1088 3154 plurimo
1102 3081 1199 3150 grande
1211 3081 1267 3134 auri
1279 3097 1345 3148 pon-

253 3151 301 3202 dus
321 3150 449 3217 redigant.
485 3149 541 3202 Neo
559 3151 640 3218 magis
655 3159 772 3217 oportet,
788 3157 818 3203 ut
835 3151 988 3206 aiudioibus
1002 3149 1198 3222 provincialibus
1214 3155 1346 3200 contume-

250 3220 288 3272 lia
299 3219 461 3282 alliciantur,
478 3235 657 3287 servorumque
668 3220 749 3270 instar
758 3221 908 3285 trahantur,
925 3221 1063 3291 pulsentur,
1080 3219 1108 3271 in
1120 3215 1220 3270 vinnda
1230 3223 1258 3266 et
1269 3215 1346 3268 boios

252 3290 282 3356 (o
297 3305 350 3340 rem
365 3287 491 3352 odiosam)
505 3287 673 3340 ooniiclantnr
687 3287 803 3340 vindices
814 3297 854 3352 et,
872 3299 932 3358 post
944 3290 1040 3352 Deum,
1058 3293 1200 3340 servatores
1216 3283 1346 3336 Christia-

251 3372 355 3416 nomm,
375 3373 420 3423 pro
442 3355 524 3407 saeris
542 3355 739 3475 imperatoribus
760 3373 841 3425 prope
854 3359 936 3410 dicam
951 3356 1065 3426 quotidie
1079 3354 1269 3406 occumbentes:
1286 3352 1345 3421 ipsa

251 3423 310 3490 lege
334 3422 455 3486 iubente,
474 3432 505 3474 ut
517 3440 578 3492 prae
591 3434 662 3477 aetus
673 3425 700 3476 in
714 3441 774 3478 suas
789 3426 898 3508 quisque
911 3427 999 3495 copias
1013 3424 1144 3491 imperium
1157 3421 1268 3484 habeat,
1285 3439 1346 3474 aaa·

249 3507 302 3558 qua
323 3489 428 3540 iudicet.
463 3491 501 3544 Et
521 3492 618 3546 cuinam
636 3493 728 3545 milites
752 3494 919 3563 provinciales
941 3511 986 3560 pro
1007 3491 1037 3542 rii
1059 3499 1132 3554 sunt,
1148 3490 1199 3542 nisi
1214 3489 1275 3542 duci
1287 3489 1344 3553 εοίδ,

250 3573 326 3640 quam
338 3556 437 3609 divinus
450 3559 571 3630 princeps
583 3579 614 3614 ea
625 3561 652 3613 in
665 3563 799 3630 provincia
814 3560 968 3614 constituit't
985 3510 1153 3623 &mambrem
1166 3559 1240 3612 etiam
1253 3559 1285 3613 ab
1298 3575 1345 3610 an·

249 3625 400 3693 taquissimis
413 3626 534 3681 Romanis
545 3630 747 3682 auotoritosduci
760 3631 788 3683 in
800 3647 849 3682 sua
861 3629 993 3698 provincia
1004 3629 1062 3698 lege
1070 3637 1126 3682 erat
1137 3628 1206 3691 data,
1220 3633 1249 3680 ut
1262 3629 1345 3679 autio-

250 3709 309 3747 nem
328 3693 491 3763 intendentes
510 3697 537 3749 in
557 3697 640 3749 ααιιιὶε
659 3698 808 3752 militaribus
825 3698 964 3764 iudicaret,
982 3705 1107 3766 natasque
1126 3697 1152 3749 in
1169 3695 1302 3778 provincia
1313 3694 1345 3748 li-

248 3769 290 3816 tes
309 3762 514 3829 administraret,
531 3765 605 3818 simul
625 3767 753 3819 assidente
770 3775 796 3820 et
816 3768 955 3820 adiuvante
967 3766 1069 3820 iudica:
1087 3773 1167 3835 utque
1176 3783 1232 3834 ipse
1246 3771 1273 3816 et
1283 3780 1345 3833 pro-

248 3831 378 3883 tonotario
400 3836 427 3882 et
445 3833 564 3902 reliquia,
582 3833 626 3917 qui
640 3836 803 3904 magistratus
825 3835 914 3888 civiles
934 3837 1072 3900 haberent,
1089 3851 1193 3904 operam
1209 3833 1345 3886 tabuerat„

248 3900 315 3954 ltem
327 3901 473 3954 turmarcha
484 3901 511 3954 in
526 3919 612 3955 cauam
626 3921 687 3956 suaa
701 3913 798 3956 turmae
810 3921 842 3955 ex
856 3903 915 3972 lege
926 3905 1061 3974 edictoque
1075 3903 1211 3974 principali
1223 3899 1345 3953 iudicium

250 3970 403 4032 exercebat,
422 3971 556 4024 seeundum
581 3972 701 4025 formulas
713 3972 911 4037 morositatem,
928 3982 1006 4044 atque
1018 3974 1212 4044 praerogativas
1234 3969 1344 4022 illorum.

251 4037 331 4100 Quod,
344 4039 367 4090 si
380 4037 512 4106 reponimur
526 4041 553 4093 in
565 4039 697 4111 pristinam
709 4041 878 4095 conditionem
890 4044 1033 4096 divinorum
1049 4041 1191 4112 principum
1208 4037 1345 4099 exereitus,

250 4123 368 4177 quaeque
388 4106 415 4158 in
438 4107 533 4162 luctum
549 4119 739 4180 egestatemque
759 4111 899 4164 detrudunt
916 4112 1024 4176 milites,
1042 4109 1128 4180 procul
1149 4109 1182 4161 ab
1197 4107 1247 4158 illis
1261 4122 1346 4158 remo·

250 4183 358 4228 ventur:
381 4175 468 4230 miram
488 4180 591 4248 capient
613 4180 786 4244 alacritatem,
805 4181 972 4247 hilaritatem,
990 4181 1125 4234 laetitiam:
1142 4176 1299 4230 strenuiores
1318 4177 1346 4226 et

250 4243 402 4300 audaciores
419 4253 510 4302 arunte
527 4249 738 4321 inexpugnabiles
763 4257 790 4304 et
806 4249 898 4306 invicti
916 4249 1072 4309 adommin
1090 4247 1209 4302 existent.
1244 4241 1345 4306 Qulhm
