2808 4618
317 288 549 358 NIOEPHORI
570 288 746 358 PHOGAE
770 289 863 358 CAP.
888 289 945 358 IX.
1099 283 1173 354 203

89 454 146 522 dud
170 456 283 540 μιλίων
300 447 374 536 δόο,
401 451 461 536 πρὸ
473 458 528 520 rod
542 451 599 536 τὴν
610 448 738 540 ἡμέραν,
765 449 807 530 ὥς
821 451 953 520 λέλασται
961 500 979 534 ,,
1001 450 1174 539 διανγάσαῖ,

84 561 133 626 *ίνα
155 557 200 642 μὴ
223 556 279 624 τόν
301 556 458 642 κονιορτόν
474 553 659 640 θεασάμενοι
676 556 705 622 οἱ
718 557 853 640 πολέμιοι
866 556 922 640 τὴν
937 558 1107 642 παρουσίαν
1114 564 1175 644 ,τοῦ

88 666 262 749 στρατηγοῦ
281 656 483 744 έπιγνιόσωσι,
510 658 563 726 τὸν
587 658 696 747 ὀχυρόν
721 656 816 726 τόπον
844 654 860 726 ὅ
888 659 1057 745 στρατηγὸς
1077 685 1174 742 κατα-

87 762 256 847 λαμβάνων
275 763 331 828 τὸν
354 761 433 826 ίδισν
456 759 666 849 άπακρνψάτω
686 757 772 828 λαόν.
812 761 946 837 κάκεῖνος
968 761 1039 844 μετ’
1067 762 1174 848 όλίγων

67 867 202 934 5ίτιπίων
225 865 440 952 πλησιέστερον
452 865 587 950 γενέσθω
599 871 661 932 τῶν
674 867 841 950 πολεμίων·
867 867 918 930 καί
931 867 972 940 είς
986 861 1109 949 ὑψηλὴν
1121 892 1176 932 πε-

87 970 204 1058 ριωπὴν
222 965 439 1056 ἀνερχόμενος,
466 973 614 1054 καθαρῶς
634 963 709 1057 όρᾷν
731 967 803 1044 τοὺς
824 969 984 1048 πολεμίους
1004 964 1235 1038 σπενσάτω.ῖοι.
1248 981 1300 1036 382
1314 997 1336 1032 r.

86 1075 138 1138 xci
160 1069 278 1138 τοότων
302 1073 343 1146 εἰς
361 1070 506 1148 έξέλεοσιν
530 1066 694 1158 ὁρμώντων
716 1072 767 1134 καλ
788 1069 1078 1156 διασκορπιζομένων
1098 1071 1202 1158 πρόςΒ

88 1177 191 1256 λείαν,
218 1169 431 1260 καρτερησάτω
447 1169 463 1237 ό
479 1171 648 1258 στρατηγός
670 1174 701 1238 έν
714 1173 814 1262 ε’κείνρ
829 1179 873 1262 τῷ
889 1169 973 1260 τόπῳ
988 1171 1057 1259 ίίχρι
1072 1177 1177 1261 τρίτης

88 1274 110 1360 ἢ
122 1279 174 1342 καὶ
186 1274 330 1363 τετάρτης
343 1273 424 1362 ὥρας
437 1281 492 1360 τῆς
504 1272 629 1360 ἡμέρας,
645 1276 701 1359 τὴν
713 1273 883 1360 παράταξιν
894 1283 949 1342 τοῦ
959 1276 1079 1364 Ἀμηρά
1092 1283 1308 1350 &eumitren
1316 1303 1337 1335 e.

51 1384 171 1466 1οριῖιν,
196 1383 246 1444 καί
269 1379 403 1467 ἀκριβῶς
423 1378 459 1445 τὸ
479 1385 602 1462 πλῆθος
622 1385 678 1444 τοῦ
699 1384 777 1444 λαοῦ
799 1374 1025 1462 στοχαζόμενος.
1059 1381 1121 1445 ἐπεὶ
1141 1380 1174 1444 δ’
1184 1361 1330 1480 duffizmm‘
1397 1402 1400 1408 ·

89 1482 118 1548 οί
138 1482 300 1564 μέλλοντες
321 1478 458 1558 ἐξελάσαι
485 1478 590 1569 πόρίρω
610 1507 670 1546 που
692 1487 748 1566 τῆς
768 1478 965 1569 παρατάξεως
985 1487 1040 1546 cesi
1059 1481 1177 1568 Ἀμηρά
1283 1464 1289 1478 .

86 1583 262 1672 γεγόνασιν·
278 1581 320 1662 ὦς
331 1585 375 1668 μὴ
391 1580 522 1650 δυνατόν
536 1587 598 1650 ἐστι
614 1581 706 1650 πάλιν
719 1581 846 1659 τούτους
854 1580 1093 1669 ὖποστρέφειν,ἢ
1111 1587 1176 1650 ἔπι-

85 1694 198 1772 γνῶναι
218 1687 273 1753 τόν
293 1687 371 1752 κατά
392 1694 447 1770 τῆς
470 1686 667 1774 παρατάξεως
686 1692 743 1754 τοῦ
760 1685 878 1773 Ἀμηρᾶ
892 1686 1072 1774 άναφθίντα
1086 1684 1175 1752 πόλε-

85 1815 165 1874 μον,
194 1791 322 1856 ἕκαστον
352 1789 521 1855 σπεύδοντα
543 1791 582 1856 τά
600 1791 699 1876 χωρία
721 1797 920 1873 καταλαβεῖν,
948 1791 999 1854 καί
1021 1791 1104 1854 λείαν
1129 1788 1175 1856 ὅτι
1278 1798 1280 1806 ’

49 1895 231 1977 λὸπλείστην
245 1894 453 1978 πορίσασθαι·
480 1892 536 1968 τὰς
555 1895 635 1970 ίδιάς
655 1892 834 1977 παραταγάς
858 1889 899 1968 ὦς
920 1897 968 1958 δεῖ
986 1891 1172 1980 εὐτρεπίσας,

85 1995 167 2060 κατὰ
185 2003 240 2080 τῆς
259 2001 315 2061 τοῦ
332 1995 450 2081 Ἀμηρά
471 1992 668 2081 παρατάξεως
691 1993 926 2082 ὄλιγανδροόσης
946 1996 1001 2081 τὴν
1022 1997 1174 2060 ίπέλεασιν

86 2095 266 2181 ποιησάτω,
292 2101 342 2162 καί
356 2100 436 2165 Θεοῦ
457 2100 597 2187 συνεργίᾳ
618 2105 673 2182 τῆς
694 2099 778 2183 νίκης
799 2096 956 2184 κρατήσει,
985 2101 1036 2162 καλ
1059 2101 1201 2172 τελείανο

86 2201 297 2285 πανολεθρίαν
316 2211 379 2278 τοῖς
399 2202 552 2282 πολεμίοις
572 2199 738 2287 ἐργάσεται.
775 2202 801 2266 ελ
820 2203 854 2266 δέ
873 2199 951 2266 κατά
965 2208 1019 2284 τῆς
1033 2198 1175 2288 παρατά-

87 2305 166 2380 ’ξεως
185 2304 321 2368 ἐπελθεῖν
341 2304 376 2370 οὗ
394 2301 561 2390 θαρρήσει,
588 2303 705 2387 πολλὴν
719 2305 769 2367 καὶ
783 2300 939 2388 ἀξιόλογον
951 2300 1080 2384 δύναμιν
1095 2300 1174 2389 ὁρῶν

45 2407 121 2470 tois
142 2405 240 2492 αἰτῇ,
265 2402 340 2492 ῧπίρ
368 2406 424 2491 τὴν
447 2409 546 2472 ἰδίαν·
577 2403 646 2472 τότε
668 2407 701 2472 ix
722 2407 850 2491 πλαγίου
870 2408 922 2472 καί
942 2403 1101 2492 μακρόθεν
1123 2406 1175 2472 διδ

87 2515 223 2596 κρυπτῆς
243 2511 293 2574 καί
313 2510 482 2594 ἐπιτηδείας
499 2506 571 2576 ὁδοῦ
586 2506 711 2596 όρμάτω
724 2509 780 2576 σδν
796 2511 902 2599 έλασίρ
914 2516 953 2597 τῇ
966 2506 1173 2595 προσηκούσῃ,

87 2617 272 2694 καταλαβεῖν
292 2611 328 2677 sd
350 2609 523 2700 σκόρπισμα
543 2619 606 2678 τῶν
628 2612 788 2695 πολεμίων.
823 2615 873 2677 καὶ
890 2612 927 2678 δι’
944 2611 1016 2695 όλης
1032 2619 1085 2695 τῆς
1100 2609 1175 2695 nipe&

89 2739 145 2798 ρας
156 2717 332 2803 ἐπιδραμεῖν
346 2715 450 2790 αὐτοῖς
465 2715 651 2800 ἀγωνίσεται,
664 2715 920 2798 διεσκεδασμένοις
933 2706 1011 2795 odor,
1022 2718 1075 2780 καί
1091 2711 1174 2792 άξιό-

87 2823 178 2903 λογον
189 2817 288 2906 ἔργον,
319 2820 399 2884 Θεοῦ
415 2819 588 2908 συμμαχίᾳ,
615 2819 780 2884 ε’πιτελέσει.
809 2817 918 2905 duelies
932 2808 1047 2886 odvxui
1063 2816 1174 2903 άρχον-Α

49 2907 129 2987 sdes
144 2927 205 2986 τῶν
213 2921 375 3007 χρησίμων
388 2920 466 3004 μετά
477 2920 641 3020 ὀλιγοστῶν
655 2921 769 2987 ἱππέων
782 2918 909 2988 όπιοθεν
921 2921 1005 3006 ἔχειν,
1022 2920 1175 3003 βλέποντα

88 3115 120 3170 ed
131 3114 199 3169 letus
211 3131 299 3168 eorum
314 3115 485 3186 detorquens,
501 3121 561 3170 ente
575 3133 648 3188 quem
663 3117 818 3182 dilucescet,
835 3116 912 3170 sicuti
927 3116 1052 3180 diximus,
1068 3133 1102 3168 ne
1118 3115 1174 3168 eni-

87 3185 221 3239 madverso
234 3187 341 3254 pulvere
360 3187 448 3239 hostes
468 3185 556 3238 ducem
570 3187 660 3239 edesse
672 3185 834 3254 intelligent,
858 3186 914 3238 ioco
934 3185 1029 3238 munito
1049 3191 1174 3252 occupate

87 3272 157 3307 mem
168 3254 205 3306 ibi
217 3271 317 3306 menum
331 3254 418 3307 abdet.
452 3254 516 3307 Inde
527 3273 582 3307 cum
595 3255 684 3324 paucis
699 3255 826 3324 equitibus
838 3255 942 3324 propius
957 3253 1117 3307 adversarios
1130 3269 1174 3306 uc-

88 3324 177 3388 eedet‚
199 3329 228 3376 et
250 3339 389 3376 conscensu
406 3323 510 3392 specula
526 3323 595 3377 edite
612 3326 656 3377 det
676 3341 795 3393 sperem,
813 3329 842 3376 ut
860 3323 987 3392 dispicere
1005 3321 1074 3374 clere
1088 3321 1173 3374 hostes

88 3399 173 3460 quest.
217 3391 319 3454 Quibus
341 3393 374 3444 ud
397 3392 569 3446 excursionem
591 3393 702 3462 egressis
723 3391 914 3462 praedandique
936 3408 1014 3445 ceusu
1033 3390 1172 3458 dissipetis,

89 3467 140 3511 dux
153 3477 196 3512 suo
209 3479 239 3514 se
254 3461 311 3513 loco
324 3459 455 3514 contineat
469 3479 549 3531 usque
561 3461 594 3513 ed
608 3461 708 3514 tertium
718 3461 759 3514 vei
771 3469 886 3532 quartum
905 3460 958 3514 diei
970 3462 1073 3526 horem,
1091 3459 1128 3512 ite
1145 3467 1174 3512 ut

89 3529 170 3581 eciem
186 3529 468 3594 considerationes,
497 3547 675 3600 numerumque
693 3531 821 3600 copiarum
840 3535 937 3583 ettente
955 3529 1078 3584 aestimet.
1118 3529 1172 3582 Sed

88 3597 133 3649 ubi
148 3613 296 3652 exurrsores
310 3597 408 3666 longius
422 3617 437 3651 e
451 3599 530 3667 signis
544 3601 645 3654 Amirse
664 3600 849 3652 discesserunt:
867 3601 966 3669 quando
984 3599 1040 3652 fleri
1058 3616 1109 3652 non
1127 3616 1172 3668 pu·
1273 3629 1276 3634 ·

87 3671 154 3728 test,
170 3675 199 3719 ut
210 3667 253 3720 vel
266 3666 366 3730 redire,
383 3667 423 3720 vei
434 3667 542 3738 denique
556 3670 680 3738 praelium
695 3687 750 3721 cum
763 3667 820 3722 ucis
833 3670 935 3722 Amitae
946 3665 1100 3720 commissum
1117 3667 1172 3720 eni-
1211 3689 1214 3696 ·

85 3733 247 3788 medvertere
259 3741 371 3805 queunt,
388 3737 503 3806 quolibet
512 3746 617 3800 ruente,
635 3745 665 3790 ut
679 3738 744 3790 sicis
756 3737 886 3807 occupetis
905 3738 1025 3807 praedem
1043 3736 1173 3806 quamplu-

84 3805 173 3857 rimum
185 3806 286 3873 capiet:
305 3803 357 3856 suis
368 3805 459 3858 turmis
471 3808 649 3860 convenienter
659 3806 789 3860 instructis
807 3806 834 3858 iu
845 3807 925 3860 eciem
936 3807 1051 3872 Amitae,
1067 3808 1116 3859 iem
1134 3805 1173 3858 iu-

85 3873 263 3943 frequentem,
280 3871 469 3942 impressionem
481 3875 594 3940 feciens‚
612 3875 661 3928 Dei
673 3894 722 3945 ope
737 3875 845 3928 victorie
865 3878 993 3946 potietur,
1018 3883 1045 3929 et
1061 3875 1173 3928 interue-

85 3942 168 3994 civem
190 3941 291 3994 cludens
311 3943 427 3994 hostibus
444 3943 546 3996 moeso.
581 3943 634 3996 Sed
651 3945 674 3996 si
695 3962 745 3997 non
764 3944 841 3998 audet
857 3947 937 3998 eciem
957 3944 1080 4015 aggredi,
1105 3943 1172 4012 quod

84 4011 178 4062 uultus
190 4011 367 4064 etbelliooses
385 4011 473 4081 copies
494 4013 596 4082 suisque
611 4011 734 4066 firmiores
753 4013 780 4066 in
792 4031 823 4066 ee
844 4013 930 4066 sidet:
947 4032 963 4066 e
982 4023 1126 4067 transverso
1145 4027 1175 4062 eo

85 4077 200 4148 lougius,
217 4079 318 4132 occulte
332 4087 360 4132 et
371 4087 516 4164 opportune
530 4083 590 4141 vie,
608 4083 759 4153 agminaque
768 4091 888 4152 quantum
900 4100 964 4151 opus
982 4089 1022 4134 est
1034 4081 1115 4133 citato
1130 4079 1175 4131 ab·

85 4155 142 4215 eet,
159 4148 194 4201 sd
208 4165 360 4201 excursores
374 4149 502 4220 dispersos
522 4151 708 4220 opprimendos.
744 4152 781 4204 Ao
817 4171 845 4206 er
859 4160 939 4205 totum
958 4151 1024 4203 diem
1043 4145 1176 4218 exagitare

84 4215 141 4270 illus
153 4216 293 4288 dissipetos
306 4217 424 4282 studens,
441 4221 654 4288 praedatorem,
671 4220 773 4274 numine
785 4169 988 4281 odsecundsnte,
1006 4223 1088 4286 geret.
1123 4213 1176 4269 De-

83 4285 129 4338 bet
140 4294 280 4358 praetores
292 4287 449 4358 praefectum
463 4289 598 4360 probatum
609 4305 664 4342 cum
676 4289 794 4361 pauculis
807 4289 935 4360 equitibus
952 4306 968 4340 s
986 4291 1061 4356 tergo
1073 4286 1177 4350 hebere,
