2788 4616
256 267 332 343 416
595 277 631 348 C.
650 278 688 348 Β.
709 273 824 351 ΗΑΒΠ
842 277 993 350 NOTAE

258 464 319 524 ρων
341 439 384 514 εἶς
405 434 461 504 τὸν
482 381 594 520 boiam·
614 436 705 498 Fabio
719 436 797 498 nux.
814 443 884 506 177.
898 439 931 500 G.
950 429 1147 519 ἐμβάλλωσιν
1170 427 1263 498 abaci
1278 430 1347 516 τήν

259 521 388 606 δύναμιν
403 523 556 608 φέροντες·
571 525 696 586 Demetr.
710 523 781 592 914.
797 521 830 580 F.
845 521 944 602 φέρων
957 519 1113 594 immissio
1125 514 1343 593 πότους-κοι-

257 612 386 692 obsiciis.
416 610 551 670 Laconis.
566 608 711 668 Institutio
726 611 798 674 288.
813 607 845 666 C.
858 603 913 686 τήν
926 600 1056 690 κιθάραν
1070 600 1164 668 abacti
1177 623 1346 686 κροσιπατ.

255 693 401 760 τάλευσοιν
419 693 567 773 φέροντες.
596 693 677 752 Idem
690 694 787 771 iungit
803 692 894 751 verbo
906 691 1021 770 ένσεέω,
1040 701 1076 750 ut
1093 691 1128 748 fit
1141 691 1207 748 loco
1223 697 1343 748 nostro.

256 781 398 842 Phocion.
412 781 486 845 751.
501 778 533 836 F.
548 775 589 850 oo‘c
605 775 638 839 ot
652 775 752 858 φέρων
765 775 916 839 ’ἐνέσεισεν
934 811 969 824 --
986 773 1041 857 τήν
1054 769 1143 838 πόλιν
1157 775 1199 846 εἰς
1214 769 1271 848 τόν
1282 769 1346 832 Ἑλ·

229 896 232 904 .
257 863 379 946 ληνικὸν
392 858 529 942 πόλεμον.
553 861 666 935 Quibus
681 863 715 919 in
728 862 881 939 exemplis,
896 861 998 920 tumin
1010 861 1084 934 aliis,
1099 879 1171 938 quos
1182 857 1235 916 hic
1249 856 1346 915 ascri·

256 953 326 1011 here
349 967 411 1008 non
433 948 555 1023 attinet,
576 947 670 1005 solum
692 945 909 1005 nominativum
934 947 1018 1006 vides
1044 943 1188 1004 adhiberi:
1210 943 1297 1016 item,
1313 939 1346 998 ni

195 1077 199 1090 .
256 1036 355 1107 fallor,
376 1031 479 1090 inillis
497 1051 571 1111 quae
589 1031 648 1090 viri
660 1029 742 1089 docti
756 1031 936 1107 collegerunt
949 1031 987 1088 ad
1000 1029 1139 1090 idiotism.
1154 1027 1255 1105 Vigor.
1270 1026 1345 1091 352.

256 1121 328 1186 593.
342 1120 412 1184 663.
427 1116 499 1182 758.
513 1117 564 1174 uhi
576 1125 638 1174 tota
655 1115 727 1174 haec
745 1115 877 1193 quaestio
894 1115 1010 1174 erudita
1024 1115 1200 1174 illustratur.
1248 1109 1345 1185 Adde,

257 1203 359 1284 φέρων
378 1201 512 1279 sequenti
535 1201 710 1279 imperativo
725 1197 910 1266 adhortantis
930 1219 1005 1275 esse,
1029 1221 1064 1258 ac
1077 1197 1256 1276 significare,
1279 1215 1346 1274 age,

255 1291 316 1346 cia.
359 1284 443 1346 Philo
461 1285 540 1366 apud
556 1285 657 1344 Euseb.
681 1286 847 1365 Praeparat.
862 1283 1001 1362 Evangel.
1014 1285 1085 1350 345.
1101 1285 1134 1342 Β.
1149 1283 1201 1344 καί
1217 1303 1270 1360 μοι
1288 1278 1347 1356 φέ-

148 1427 149 1430 ,
259 1396 320 1454 ρων
340 1370 419 1454 λέγε,
442 1369 492 1428 (iic
505 1369 613 1428 amabo
628 1382 664 1433 te.
709 1369 848 1448 Origenes
862 1368 1020 1428 Phileaslia
1035 1373 1085 1434 89.
1099 1368 1133 1426 A.
1149 1367 1201 1426 ubi
1217 1364 1345 1424 Tarinus

91 1477 131 1504 ·-
228 1457 360 1531 Dvertit,
381 1477 447 1535 age,
468 1453 620 1534 responde.
663 1453 846 1536 Porphyrius
860 1454 928 1513 Vita
942 1452 1052 1514 Plotini
1067 1458 1115 1519 17.
1131 1451 1162 1514 C.
1205 1451 1282 1510 Nam
1295 1447 1346 1508 ha·

259 1543 310 1602 bet
333 1541 522 1622 participium
542 1539 643 1622 φέρων
663 1541 784 1600 eandem
809 1540 870 1598 vim
894 1537 1086 1614 adhortandi,
1108 1556 1194 1616 quam
1213 1536 1344 1614 impera·
1366 1581 1375 1598 ,

259 1628 340 1688 tivua
363 1624 436 1708 φέρε
453 1626 486 1683 in
502 1624 574 1704 φέρε
587 1627 688 1687 εἰπεῖν.
731 1624 819 1697 Quod
833 1623 1013 1702 significare,
1025 1619 1250 1700 facdiccmua,
1272 1618 1304 1682 h.
1320 1639 1345 1682 e.

259 1712 343 1772 verbi
355 1731 461 1786 cauae,
483 1711 737 1789 exempligratia,
759 1709 823 1788 quis
838 1710 948 1787 estqui
967 1707 1097 1768 nesciat?
1124 1707 1252 1764 Tametsi
1262 1703 1297 1761 in
1310 1723 1343 1762 eo

259 1795 386 1857 offendit
400 1794 488 1853 homo
505 1795 675 1874 cumprimis
689 1803 791 1854 acutus
807 1795 952 1853 Kasterus
967 1794 1005 1852 ad
1017 1791 1099 1851 Suid.
1110 1791 1134 1848 Ι.
1149 1797 1200 1856 20.
1214 1789 1250 1852 Δ.
1265 1784 1343 1866 ὅταν,

260 1873 285 1964 pi
300 1877 354 1958 μὲν
366 1876 512 1954 λυσιτελές
526 1875 558 1943 τὸ
568 1877 762 1956 καθέζεσθαι,
783 1877 957 1955 καθέζηται·
980 1870 1005 1963 pi
1019 1873 1050 1939 ii
1063 1870 1252 1950 ἀνακεῖσθαι,
1273 1867 1344 1940 ivi-

259 1981 367 2028 κειται·
389 1967 432 2023 coi
444 1963 614 2046 πυρέττοντι
627 1963 699 2042 φέρε
713 1965 816 2027 εἰπεῖν.
844 1963 891 2022 Ad
906 1983 980 2042 quae
993 1960 1159 2020 annotavit:
1174 1961 1259 2017 Loco
1273 1959 1344 2016 huic

259 2049 370 2128 aliqua
391 2025 513 2120 becuns,
534 2060 561 2106 et
581 2030 709 2107 ultimio'
721 2049 819 2108 verbio
839 2049 908 2106 istis
923 2049 1028 2106 nullus
1041 2049 1158 2104 omnino
1175 2065 1283 2102 senous
1296 2045 1343 2101 in*-

260 2145 323 2196 eet:
348 2138 526 2212 pancratio
548 2145 606 2210 eat,
629 2155 775 2213 quercea
793 2137 826 2191 in
848 2136 978 2192 versione
984 2132 1246 2212 praetermiserim.
1290 2127 1344 2187 sed

259 2219 360 2298 agittrr
381 2219 417 2278 de
440 2220 584 2298 categoria
602 2219 787 2280 Aristotelica
810 2239 904 2295 nona,
926 2237 1000 2296 quas
1015 2226 1059 2275 eat
1072 2215 1245 2296 positionis,
1267 2233 1343 2289 cum,

260 2305 305 2365 ait
318 2304 433 2380 Suidaa,
454 2303 571 2382 cederit,
594 2307 645 2363 cui
658 2303 695 2362 id
706 2302 838 2384 expedit,
860 2314 887 2361 et
904 2301 1048 2378 cubuerit,
1070 2304 1121 2359 cui
1135 2299 1246 2356 cubare
1260 2320 1345 2377 espe-

260 2387 318 2464 dit.
356 2389 560 2464 Febricitanti,
581 2390 786 2468 verbigratia.
819 2387 938 2467 Nempe,
959 2383 1101 2459 λυσιτελές
1112 2384 1191 2448 ἐστιν
1203 2382 1345 2442 eiusmodi

260 2473 377 2532 homini
389 2471 422 2537 cb
433 2467 621 2549 ἀνακεῖσθαι,
643 2473 721 2533 sicut
735 2472 876 2533 scribenti
890 2491 920 2531 v.
934 2492 961 2532 c.
975 2471 1083 2531 sedere.
1126 2469 1208 2529 Alios
1221 2468 1345 2527 verbum

261 2556 344 2636 φέρω
357 2558 390 2616 in
405 2559 539 2618 fraudem
549 2558 678 2638 impulit,
701 2560 782 2638 quod
795 2556 996 2616 contuderunt
1013 2549 1080 2615 cuni
1093 2555 1196 2614 Latino
1214 2555 1344 2630 auferre.

261 2642 352 2702 Velut
372 2643 532 2702 Robertum
551 2643 720 2702 Balioreum
739 2643 772 2701 in
797 2642 905 2702 Gelasii
927 2640 1064 2721 Cyziceni
1085 2639 1215 2700 Historia
1228 2638 1345 2698 Concil.

260 2725 383 2786 Niceeni
406 2726 433 2792 1.
448 2729 518 2794 358.
536 2728 567 2786 G.
582 2723 634 2801 τοὶς
649 2721 808 2801 α’σθενείος
825 2727 912 2807 ἡμῶν
928 2720 1084 2806 σἰναλαβσΙν
1101 2723 1154 2787 καὶ
1169 2720 1223 2797 τοὶς
1239 2718 1347 2796 νόσους

260 2807 379 2892 φέρων·
402 2813 607 2890 infirmitatem
632 2821 768 2871 nostram
782 2811 859 2892 [sic]
876 2814 1059 2889 suscipione,
1082 2821 1108 2870 et
1123 2809 1242 2867 morbos
1257 2811 1346 2885 eusc-

263 2915 338 2956 rens.
380 2895 477 2972 Verte,
498 2907 526 2954 et
539 2897 657 2955 morbos
666 2899 779 2973 sereno.
820 2897 874 2958 Eat
888 2896 992 2956 allusio
1003 2896 1041 2954 ad
1056 2895 1145 2954 isaias
1157 2894 1232 2956 L111.
1249 2894 1279 2958 4.
1295 2891 1346 2952 ubi

264 2979 402 3059 Vulgata:
424 2983 605 3062 Languorea
625 2992 742 3040 nostros
761 2985 825 3060 ipse
845 2982 930 3056 tulit,
960 2991 987 3038 et
1007 2977 1122 3038 dolores
1144 2991 1265 3038 nostroe
1285 2982 1347 3057 ipse

258 3069 408 3146 portavit.
447 3061 630 3143 Ἐνσέσειτας
650 3066 755 3126 eodem
777 3085 865 3126 seusu
890 3085 949 3144 quo
972 3073 1075 3126 nostro
1098 3065 1166 3124 loeo
1189 3063 1347 3126 adhibetor

347 3235 424 3302 ibid.
447 3239 502 3300 lin.
526 3243 576 3305 12
596 3236 654 3298 Hic
666 3238 766 3296 locus:
787 3239 881 3297 Hunc
896 3238 1024 3296 Leonem
1039 3254 1132 3315 usque
1144 3233 1183 3292 acl
1195 3233 1285 3294 finem
1301 3253 1346 3292 ca.

171 3361 179 3386 .
262 3317 541 3400 pitiaaGomhefisio
555 3343 723 3398 conversus,
736 3322 985 3400 servatuslegitur
992 3321 1073 3400 apud
1085 3321 1202 3398 Pagium
1210 3319 1261 3395 111,
1277 3323 1344 3384 876.

153 3415 251 3476 P.199
350 3408 428 3485 Pag-
452 3414 501 3474 20.
524 3409 579 3468 lin.
601 3413 630 3474 8.
654 3403 740 3470 Οὕτω
752 3403 790 3488 δὴ
804 3401 1103 3488 γνωσιμαχήσαντι-
1116 3404 1242 3484 innita]
1260 3401 1346 3484 Apud

264 3485 420 3567 Agathiam
439 3497 606 3571 προσῆλθε,
627 3493 677 3559 66.
692 3493 727 3554 D.
737 3493 773 3552 in
787 3491 888 3572 phrasi
904 3511 991 3570 quam
1006 3490 1064 3550 Leo
1081 3489 1225 3570 respexit.

348 3571 425 3635 Ibid-
446 3576 501 3633 lin·
521 3582 552 3642 9.
574 3575 625 3638 aui
654 3569 751 3657 λέγοις
773 3575 940 3653 beatotum
965 3570 1022 3654 τήν
1049 3570 1210 3656 στρατιὰν]
1242 3573 1345 3634 Confer

264 3656 420 3736 Agssffiitm
434 3665 486 3725 27.
497 3659 531 3718 Β.
542 3657 731 3738 ‘Threiciam
741 3660 940 3741 metaphorice
952 3658 1011 3718 dici
1023 3663 1080 3738 pro
1098 3661 1232 3736 incitare,
1248 3661 1347 3718 conci·

265 3752 338 3817 tare,
359 3742 416 3801 iam
432 3743 597 3823 Stephanos
611 3746 727 3804 monuit
736 3747 768 3806 in
781 3746 940 3806 Thesauro.
954 3744 1077 3823 Addam,
1100 3745 1247 3822 eleganter
1260 3763 1347 3804 usur·

265 3825 331 3904 pari
346 3826 383 3886 de
397 3829 566 3907 vaporibus,
589 3829 640 3909 qui
652 3831 749 3908 rigant
762 3841 848 3910 atque
861 3829 1041 3892 humectant.
1084 3829 1134 3888 sie
1146 3831 1174 3890 S.
1189 3828 1347 3908 Gregorius

265 3911 390 3990 Nysaea.
410 3911 545 3976 Dahom.
566 3914 686 3994 opificio
701 3916 723 3980 1.
747 3921 796 3984 69.
817 3915 854 3974 A.
875 3913 1073 3973 membranam
1095 3915 1248 3974 cerebrum
1262 3914 1348 3988 abire,

265 3995 538 4078 κεριτιτυσσομένην
554 3997 587 4062 έν
602 3999 693 4084 ἑωυτῇ
705 3996 757 4064 τόν
770 3998 952 4082 έγκέφαλον,
972 3997 1101 4073 καὶτοῖς
1115 3999 1232 4061 ἐκεῖθεν
1250 3993 1348 4079 ἀτμοῖς

265 4079 518 4162 ὕκαλειφομένην.
561 4083 643 4144 Idem
662 4085 734 4149 ibid.
756 4085 826 4150 134.
841 4085 872 4143 G.
889 4081 912 4162 οἱ
924 4076 980 4146 ἀπ’
992 4083 1108 4146 ἐκείνου
1120 4077 1265 4157 ἀνάδοσις
1276 4081 1348 4146 aino·

266 4167 363 4244 λεέφει
381 4162 434 4230 aba
451 4165 634 4248 περιεκτικόν
653 4174 708 4232 τοῦ
722 4163 886 4252 ἐγκεφάλου
903 4165 1009 4247 ω’μένα.
1052 4167 1138 4226 Unda
1152 4167 1347 4248 metaphorica

266 4248 343 4310 sicut
363 4251 493 4312 imbuere
513 4253 594 4335 apud
611 4252 741 4315 Latinos.
783 4255 813 4318 S.
835 4253 966 4332 Ignatius
990 4252 1086 4334 Epist.
1103 4257 1153 4320 19.
1176 4253 1214 4313 A.
1232 4250 1283 4335 tpt
1294 4249 1346 4335 ροὶρ
