2786 4620
239 277 317 358 352
544 287 807 358 inuentum
827 287 1021 356 LEGATIO
1096 221 1106 238 ⁴

214 449 312 514 cdico
332 449 407 510 mihi
413 495 423 527 ,
437 448 469 510 id
480 458 526 508 est
537 447 722 528 Lnitprsndo
734 445 898 529 Episcopo,
917 447 971 508 sed
984 447 1180 526 Balgarorum
1200 443 1333 504 nuncius

240 563 343 616 vestro
363 551 560 634 praeponitur
574 551 695 610 nuncio.
737 549 797 609 Sed
814 550 921 610 lenivit
933 550 1065 610 dolorem
1080 569 1180 608 meum
1195 547 1333 626 lmpers-

241 665 292 718 tor
309 657 436 716 Sanctm
454 673 578 714 munem
596 673 718 732 magno,
739 651 860 710 mittens
876 651 951 710 mihi
967 671 1004 711 ex
1021 648 1239 711 delicatissimis
1255 647 1333 706 cshis

237 757 323 834 sais,
352 755 483 817 hoedum
501 755 659 835 pinguem,
688 775 728 816 ex
752 776 811 835 quo
835 755 902 834 ipse
922 753 1105 829 comederat,
1133 751 1222 827 allio,
1248 767 1332 830 cepa

239 860 341 942 porris
363 859 443 917 laute
463 856 704 934 suffarcinatum,
724 878 796 936 garo
816 856 998 931 delibutum3
1019 875 1107 935 quem
1126 863 1243 914 vestrae
1258 861 1333 911 tunc

239 980 357 1022 mensae
376 959 472 1019 inesse
491 958 612 1040 optavi,
631 967 670 1018 ut
687 961 739 1039 qui
756 959 878 1018 delicias
897 959 999 1017 Sancti
1014 954 1201 1036 imperatoris
1218 953 1333 1012 hostes

240 1083 305 1124 esse
327 1081 390 1121 non
413 1060 552 1138 creditis,
574 1061 676 1121 saltem
697 1060 744 1120 his
766 1060 930 1142 perspectis
952 1059 1119 1120 crederetis.
1160 1053 1334 1116 Transactis

240 1185 312 1244 ergo
329 1171 399 1222 octo
411 1161 533 1242 diebus,
554 1184 623 1224 cum
636 1163 759 1240 Bulgari
770 1163 831 1221 iam
844 1162 993 1236 abessent,
1012 1171 1121 1242 putans
1134 1165 1182 1218 ine
1197 1175 1334 1216 mensam

240 1265 436 1345 magnifacere
451 1285 552 1342 suam,
574 1266 607 1325 in
624 1265 727 1326 eodem
741 1267 811 1325 loco
828 1271 876 1324 m'e
890 1265 960 1324 satis
975 1273 1127 1342 aegrotum
1139 1279 1240 1320 secum
1255 1277 1334 1318 con-

238 1367 342 1428 vivare
361 1365 469 1444 coegit.
497 1367 593 1427 tuuis
608 1387 674 1428 cum
687 1367 825 1448 pluribus
840 1365 993 1448 Episcopis
1010 1377 1041 1425 et
1054 1361 1240 1426 Patriarchaa
1260 1359 1334 1439 qui-

240 1467 295 1528 bus
318 1466 542 1548 praesentibus,
568 1471 669 1550 plures
694 1471 769 1530 mihi
798 1470 982 1550 quaestiones
1001 1469 1039 1528 de
1059 1465 1217 1547 scripturis
1239 1462 1333 1522 sacris

212 1579 237 1632 D
244 1574 418 1656 proposuit,
445 1593 517 1654 quas
541 1591 609 1630 cum
629 1571 743 1651 Spiritu
756 1576 865 1632 Sancto
888 1573 1009 1633 afflante
1029 1571 1175 1647 eleganter
1194 1562 1332 1644 exposui,

240 1676 402 1737 novissime
418 1683 517 1736 autem
534 1683 571 1733 ut
590 1674 628 1734 ds
641 1675 726 1735 vobis
739 1674 846 1734 ludum
861 1673 991 1750 haberet,
1005 1693 1076 1752 quas
1087 1670 1224 1750 Synodos
1236 1667 1333 1728 hahe-

240 1797 351 1852 remus,
365 1777 490 1854 rogavit.
519 1776 573 1836 Cui
586 1796 654 1834 cnm
667 1775 842 1854 Nicaersam,
857 1776 1132 1850 Chalcedonensem,
1141 1771 1330 1852 Ephesinsm,

241 1877 465 1951 Antiochenam,
480 1878 748 1957 Carthaginensem,
763 1877 961 1958 Ancyrsnam,
972 1873 1330 1954 Constantinopolitanam

241 1981 404 2056 edicerem
416 1980 462 2039 Ha
474 1979 512 2040 hs
525 1979 574 2058 he,
587 1979 639 2060 ait,
650 1980 827 2040 Saronicum
841 1981 940 2041 dicere
953 1999 984 2038 es
998 1977 1125 2038 oblitus:
1138 1995 1228 2056 quam
1240 1975 1266 2034 si
1281 1995 1331 2034 ro-

239 2101 300 2162 gas,
317 2103 373 2142 cur
385 2083 483 2143 nostri
495 2083 612 2144 codices
622 2104 684 2143 non
691 2081 810 2159 habeut,
826 2083 933 2144 rudem
948 2103 1019 2156 esee,
1035 2089 1065 2140 et
1081 2079 1118 2139 sd
1128 2098 1184 2138 nos
1193 2076 1330 2138 necdum

238 2185 342 2246 venire
353 2203 440 2266 posse
451 2187 629 2267 respondeo.
659 2186 714 2245 Cui
730 2185 868 2266 inquam:
887 2186 920 2246 iu
944 2203 1003 2264 quo
1018 2179 1149 2240 membro
1160 2188 1269 2258 regnat
1280 2179 1330 2238 iu-

238 2287 464 2363 firmitas,.illnd
473 2289 657 2350 estcautesio
666 2289 867 2350 exurendum:
880 2270 1013 2349 haereses
1022 2303 1122 2344 omnes
1131 2283 1244 2344 svobis
1254 2301 1331 2342 ems-

238 2401 365 2470 naruut,
385 2411 476 2473 penes
491 2413 547 2452 vos
560 2391 734 2471 riguerunt:
756 2412 774 2451 a
791 2391 895 2468 nobis,
917 2389 950 2450 id
968 2397 1012 2448 est
1023 2384 1266 2447 occidentalibus
1278 2382 1329 2442 hic

239 2495 474 2572 suntingulatae,
489 2493 540 2553 hic
554 2503 625 2554 sunt
637 2493 759 2558 occisae.
786 2493 958 2570 Romanam,
972 2492 1035 2552 sive
1046 2489 1329 2570 PapieusemSyno-

239 2596 329 2673 dum,
351 2615 530 2677 quemquam
545 2605 644 2656 essent
659 2615 764 2677 saepe,
783 2595 831 2656 his
846 2615 909 2656 nou
920 2608 1176 2654 connumeramus.
1215 2589 1328 2648 lloms-

207 2697 296 2760 Enus
308 2697 387 2757 enim
398 2697 547 2774 Clericus,
568 2699 759 2779 postmodum
774 2698 949 2760 univmalis
965 2699 1046 2778 Papa
1059 2691 1235 2774 Gregorius,
1257 2689 1328 2771 qnia

238 2819 258 2858 a
277 2797 363 2861 vobis
384 2797 550 2879 appellatus
570 2809 615 2860 est
636 2800 790 2880 llialogus,
818 2800 999 2880 Eutychium
1021 2793 1328 2875 Constantinopolita-

238 2921 312 2962 nnm
324 2899 525 2964 Patriarcham
541 2901 722 2963 haereticum
734 2902 770 2962 ah
784 2902 929 2964 eiusmodi
941 2903 1055 2964 haeresi
1067 2897 1214 2962 liberavit.
1256 2896 1329 2958 sis-

238 3003 291 3066 bst
303 3005 383 3066 idem
401 3004 583 3085 Eutychiae,
603 3024 659 3064 nec
677 3005 775 3065 solum
793 3005 905 3081 aiebat,
926 3006 1082 3067 sedetiam
1100 3002 1240 3079 docebat,
1264 3001 1328 3060 cla-

211 3131 214 3140 *
238 3106 354 3184 mahat,
375 3107 576 3188 scriptitabat,
598 3129 652 3168 nos
671 3108 705 3167 in
722 3109 937 3170 resurrectione
951 3128 1014 3168 non
1030 3127 1130 3168 veram
1139 3151 1149 3183 ,
1172 3125 1261 3185 quam
1276 3103 1345 3164 hic·

238 3208 396 3288 habemus,
418 3211 469 3272 sed
484 3209 699 3291 phantasticam
718 3209 875 3289 quamdam
894 3231 1011 3272 carnem
1029 3218 1249 3290 assumpturam
1271 3224 1328 3265 cu-

238 3309 286 3370 ius
307 3311 416 3371 erroris
428 3313 504 3372 liber
518 3335 535 3372 a
549 3313 692 3391 Gregorio
708 3311 875 3375 orthodoxe
893 3325 937 3375 est
951 3313 1130 3374 combustus.
1172 3307 1231 3370 Sed
1245 3309 1328 3368 Evo-

239 3412 325 3489 dius,
347 3413 497 3492 Pupiensis
516 3413 696 3495 Episcopus,
725 3427 849 3497 propter
872 3415 958 3475 aliam
987 3415 1143 3495 quamdam
1170 3410 1328 3487 haeresim,

132 3511 189 3574 Col.
206 3515 224 3570 2
240 3512 312 3591 huc,
333 3513 425 3575 idest
441 3516 738 3598 Constantinopolim,
758 3521 922 3579 aliomano
933 3528 977 3579 est
991 3517 1162 3578 Patriarcha
1179 3517 1327 3593 directus,

238 3635 327 3696 quam
351 3635 565 3697 compressam,
587 3618 621 3678 in
643 3619 824 3682 Catholicam
846 3632 933 3703 atque
955 3621 1163 3682 orthodoxam
1177 3619 1327 3679 reforma-

239 3717 292 3778 vit.
333 3717 485 3779 Saxonum
503 3739 610 3798 genus,
632 3741 670 3780 ex
686 3742 746 3801 quo
761 3725 902 3783 Sanctum
922 3725 1087 3785 Lavacrum
1111 3730 1142 3783 et
1165 3719 1219 3781 Dei
1239 3738 1326 3779 acce-

237 3817 285 3877 nit
295 3816 448 3898 notitiam,
469 3821 553 3882 nulls
568 3832 613 3884 est
629 3821 742 3886 haeresi
756 3827 954 3904 maculatum,
976 3834 1011 3885 ut
1023 3825 1066 3885 ibi
1080 3823 1218 3904 synodus
1230 3821 1325 3896 fieret,

284 3941 298 3978 s
321 3939 466 4002 errorem,
491 3945 559 3986 cum
575 3927 679 3986 nullus
702 3937 792 4004 esset,
814 3927 984 4007 corrigeret.
1025 3927 1141 3988 liudem
1154 3925 1233 4004 ouis
1251 3922 1325 3983 dicis

300 4023 403 4086 onibus
430 4045 492 4088 esse
512 4027 619 4106 fidem,
647 4029 681 4090 id
701 4027 800 4110 ipsum
819 4038 850 4089 et
867 4049 920 4109 ego
943 4029 1074 4091 affirmes
1109 4048 1225 4110 semper
1247 4025 1325 4088 enim

304 4129 318 4190 l
337 4149 386 4189 eos
404 4128 514 4192 Christi
534 4131 608 4192 fides
622 4133 707 4194 rudis
722 4141 782 4210 est,
804 4141 835 4192 et
851 4153 915 4193 non
933 4141 1033 4211 vetus,
1061 4133 1114 4193 ubi
1130 4132 1219 4192 fidem
1235 4149 1324 4210 opera

304 4242 413 4300 tantur.
454 4232 514 4296 Hic
530 4234 604 4298 fides
618 4255 681 4298 uon
692 4235 793 4313 rudis,
812 4235 867 4298 ssd
880 4244 968 4304 setus
982 4245 1044 4315 est,
1063 4235 1117 4298 ubi
1131 4235 1221 4295 fidens
1236 4251 1322 4314 opera

296 4568 326 4608 ι
