2802 4624
343 310 387 378 m
406 304 650 378 armonosn
670 303 902 376 Acnolsns.
1092 298 1166 400 τοι

160 462 279 548 Πόλεις]
301 461 408 542 Πόλος
427 465 549 548 scripsit
565 463 685 528 Codicis
698 463 854 540 librarius,
875 464 978 548 sicque
994 467 1034 530 ad
1053 467 1116 530 qim
1127 469 1168 530 fi.

73 553 141 616 dem
154 553 249 615 edidit
264 553 438 628 Cornelius,
460 572 516 612 noe
535 543 638 624 πόλεις
653 548 883 612 emendavimus.

158 643 210 706 32.
230 637 390 718 Ἡρακλῆς]
412 637 512 710 Quum
537 633 708 694 Laomedon
729 634 834 696 Troiae
853 635 970 696 moenia
988 637 1089 698 moliri
1109 648 1168 698 ste.

72 723 189 798 tuimet,
203 723 376 804 Neptunum
386 731 417 782 et
434 720 606 803 Apollinem
621 719 658 778 ed
673 739 748 800 opus
763 728 850 799 pacta
864 722 999 782 mercede
1013 724 1170 802 conduxit,

74 829 164 888 quem
185 819 290 890 postea
311 805 481 867 Laomedon
499 805 668 887 persolvere
683 803 848 881 recusavit3
872 825 929 886 qne
950 807 986 866 de
1001 829 1035 868 re
1050 809 1171 889 Νομία,

72 914 132 953 nus
153 893 199 952 ira
216 892 346 972 percitus
362 913 471 968 causes,
493 899 528 951 ut
543 891 643 968 inquit
665 889 793 948 Ovidius
811 889 882 952 Met.
898 891 954 952 lib.
969 892 1022 953 Xl.
1041 913 1072 956 v.
1093 899 1167 970 207,

73 980 237 1037 inclinavit
253 999 354 1058 aquae
368 975 413 1036 ad
427 997 541 1034 avarae
555 975 662 1034 littora
683 977 804 1033 Troiae:
825 996 921 1054 neque
933 975 993 1035 hoc
1009 987 1167 1038 contentus

73 1063 233 1124 Hesionem
246 1082 379 1142 quoqne,
403 1044 610 1120 laomedontis
625 1059 716 1120 filiam
739 1069 769 1120 et
793 1059 903 1120 Priami
930 1049 1077 1140 sororem,
1100 1073 1167 1123 ceto

75 1148 272 1208 obiiciendum
293 1147 447 1230 poposcit,
468 1167 559 1227 quam
578 1142 662 1203 dura
683 1143 728 1203 ad
747 1165 825 1204 saxu
847 1148 1011 1204 revinctam
1026 1147 1168 1208 Herculea

73 1231 219 1294 liberavit.
243 1239 245 1244 ’

158 1317 210 1384 34.
235 1319 299 1380 Tati
310 1309 418 1415 πυρός]
440 1315 586 1378 Vitiosum
602 1332 665 1372 esse
678 1313 738 1372 hoc
751 1313 875 1375 verbum
889 1311 1035 1386 arbitror,
1058 1335 1093 1374 ac
1108 1337 1168 1396 po-

74 1402 139 1462 tius
159 1402 318 1480 legendum
330 1409 437 1483 θηρος.
479 1398 619 1476 Meleagri
635 1397 765 1457 fabulam
774 1443 783 1476 ,
806 1397 857 1477 qui
872 1397 998 1477 peu-iem
1015 1419 1097 1459 suem
1112 1403 1174 1464 (la-⁴,

75 1487 218 1566 lydonem
242 1488 279 1546 ab
299 1486 421 1546 immoni
448 1484 502 1544 illo
525 1504 648 1564 apro,a
669 1485 764 1542 Disna
786 1482 899 1542 vindici
919 1482 1016 1542 animo
1037 1483 1168 1544 immisso

75 1581 233 1652 totumque
247 1591 371 1649 regnum
384 1579 552 1645 evastante,
575 1565 733 1644 liberavit,
762 1568 832 1628 satis
853 1588 954 1627 omnes
976 1579 1168 1646 cognoscunt.

75 1657 146 1718 Non
162 1659 236 1717 adeo
252 1667 350 1716 autem
367 1675 399 1716 ae
413 1655 563 1736 praeclare
578 1652 701 1732 gessisse
720 1653 762 1712 sit
774 1653 969 1732 Meleagrum,
989 1653 1061 1714 dum
1077 1655 1170 1714 feram

76 1740 162 1801 illem
177 1742 344 1818 interfecit,
365 1748 400 1800 nt
419 1743 572 1800 Romanus
593 1737 684 1818 lmp.,
707 1757 759 1798 eeu
770 1739 873 1820 potius
892 1737 1094 1818 Nicephorus,
1117 1739 1170 1818 qui

76 1828 223 1888 mundum
240 1827 415 1887 univercum
433 1846 450 1884 ε
471 1826 575 1886 Cretae
597 1832 744 1904 tyranno,
765 1823 898 1904 regioaee
922 1843 1023 1882 omnes
1041 1825 1171 1903 praeda-

74 1911 208 1972 tionibus
226 1912 391 1994 plum'mum
411 1910 577 1990 affligente,
597 1906 771 1968 vindicavit.
822 1907 886 1988 [lle
908 1907 1072 1988 Calydonio
1096 1929 1170 1988 apro

76 2017 140 2056 non
154 2007 198 2056 eet
211 1997 411 2075 cogitandum,
426 2015 484 2054 nec
498 1991 688 2054 sollicitando
703 1991 819 2054 Codicis
833 1992 932 2057 lectio.
954 1993 1124 2076 Respicitur
1134 1993 1171 2056 ll.

77 2081 132 2141 lx.
145 2082 218 2147 689.
232 2083 303 2148 593.
323 2081 356 2141 F.
372 2080 407 2160 l.]
680 2109 682 2116 v

163 2169 215 2229 36.
234 2161 357 2245 Ἀλαεδ]
383 2163 470 2223 Δλοὲἰ
491 2161 549 2223 filii
569 2161 644 2222 Otus
666 2169 696 2219 et
719 2159 872 2240 Ephialtes
894 2159 1023 2238 gigantes
1048 2161 1174 2226 Creten,

79 2270 137 2325 ses,
149 2258 185 2308 ut
197 2250 329 2330 loquitur
343 2247 544 2329 Apollodorus
556 2246 609 2306 lib.
623 2246 647 2306 1.
661 2264 726 2326 pag.
741 2246 799 2321 15,
813 2241 946 2324 Ἒδησαν
961 2242 993 2306 δὲ
1006 2241 1171 2326 καδ”Αρην·
1210 2299 1215 2312 ,

6 2339 8 2346 ’
79 2337 189 2399 τοῦτον
210 2331 265 2416 μὲν
285 2327 341 2397 οὖν
362 2333 473 2415 Ἑρμῆς
491 2331 657 2410 ἐξέκλεψεν.
694 2331 825 2388 Mortem
846 2332 970 2408 insuper
993 2332 1027 2388 iu
1046 2333 1172 2389 uincula

80 2422 237 2496 coniecere,
259 2441 345 2498 quem
360 2417 480 2478 demum
494 2419 666 2476 Mercuriue
671 2417 766 2490 furto
787 2417 900 2494 eripuit
906 2440 917 2492 ,-
936 2413 1011 2474 hine
1031 2415 1179 2476 Claudia·-¹

80 2526 138 2567 nus
152 2505 189 2566 de
203 2505 287 2566 Bello
302 2505 367 2567 Get.
384 2523 475 2564 cerm.
488 2501 599 2564 XXVI.
619 2521 650 2561 v.
662 2506 713 2565 67.
728 2498 852 2560 cecinit:

210 2609 298 2690 Quid
310 2615 438 2688 mirum,
460 2612 490 2668 ei
502 2629 597 2689 reguo
613 2607 701 2665 labor
714 2606 860 2664 mortalia
871 2601 983 2663 vexati

210 2699 287 2758 Cum
301 2699 415 2776 gemini
426 2697 559 2774 fratrer,
574 2695 683 2772 genuit
696 2711 772 2772 quoe
784 2711 872 2770 asper
883 2691 1010 2767 Auem,
1125 2767 1127 2772 Ι

210 2783 341 2843 Martem
355 2779 548 2840 subdiderint
562 2777 693 2838 vinclis?

82 2888 143 2950 Sed
156 2909 228 2971 prae
244 2891 348 2949 ceteris
369 2907 470 2948 omnes
486 2887 543 2946 hos
556 2881 716 2944 Theodosii
734 2882 900 2945 versiculos
915 2881 1049 2941 illustrat
1060 2877 1173 2940 Home·

81 2996 135 3038 rus
148 2976 234 3036 llied.
250 2973 304 3035 lib.
318 2973 355 3034 V.
374 2995 405 3037 v.
421 2973 494 3039 885.
518 2971 571 3031 ubi
586 2969 644 3029 ait:

36 3100 41 3110 ⁴
130 3089 194 3165 Τλῆ
209 3079 378 3164 μὲνἈρης,
398 3073 447 3142 ὅτε
465 3101 516 3158 μιν
526 3069 616 3150 Ὦτος
632 3065 771 3156 κρατερός
784 3065 814 3133 τ’
826 3064 999 3152 Ἐφιάλτης,

127 3171 241 3241 Παῖδες
260 3163 403 3244 Ἀλωῆος,
424 3165 520 3242 δῆσαν
534 3164 668 3244 κρατερῷ
681 3157 726 3222 tut
744 3159 859 3242 δεσμῷ·

129 3252 254 3337 Χαλκὲιμ
270 3245 301 3313 δ’
318 3249 351 3312 ἐν
365 3243 486 3329 κεράμῳ
501 3244 600 3308 δέδετο
617 3243 806 3326 τρισκαίδεκα
821 3243 933 3320 μῆνας·

130 3341 192 3402 Καί
204 3333 245 3401 νδ
262 3357 315 3398 κεν
329 3327 399 3396 ἕνθ’
415 3325 659 3408 ἆτοόλοιτο”Αρης
674 3320 745 3401 ἆτος
756 3323 908 3409 πολέμοιο,

129 3424 172 3486 Et
186 3420 227 3504 pul
248 3415 376 3502 μητροιή
388 3412 568 3500 κτερικαλλκδς
582 3409 732 3494 Ἠερίβοια

126 3508 233 3592 Ἑρμέᾳ
248 3500 426 3587 ἐξήγγειλεν·
448 3501 467 3566 d
480 3496 512 3565 d’
527 3497 682 3578 ἐξέκλεψεν
698 3491 791 3579 Ἀρῆα

121 3590 207 3670 Ἤδη
220 3585 404 3674 τειρόμενον·
426 3583 549 3670 χαλεπὸς
564 3584 597 3648 δέ
613 3583 627 3647 ἑ
640 3579 743 3664 δεσμὸς
758 3573 885 3662 ἐδάμνα.

129 3702 250 3760 Faesus
280 3707 323 3754 eet
346 3693 470 3776 quidem
498 3693 604 3767 Mure,
625 3685 748 3771 quando
779 3691 883 3768 ipeum
912 3687 991 3749 Otus
1024 3687 1178 3767 fortisque

659 3777 693 3836 Ε
710 3774 822 3833 hialtee

131 3866 210 3927 Filii
221 3861 312 3923 Aloei
322 3865 494 3944 ligaverunt
506 3859 623 3925 validm
634 3796 778 3922 augutu.

130 3951 226 4013 Aereo
244 3961 344 4008 autem
357 3953 390 4009 irs
402 3971 517 4008 carcere
526 3951 646 4028 ligatur
648 3947 722 4026 fuit
736 3941 877 4004 tredecim
889 3960 1014 4002 artensem
1193 3938 1287 3994 Col!

131 4036 172 4098 Et
185 4033 307 4116 quidem
322 4034 366 4093 ibi
372 4037 512 4115 periisset
524 4035 611 4094 Mare
630 4029 817 4092 inedicibilis
832 4029 914 4102 belli,

135 4123 208 4182 Nisi
223 4141 351 4184 nouerca
357 4119 545 4200 perpulchra
554 4119 702 4180 Eetiboeu

136 4209 287 4268 Mercurio
303 4205 386 4266 utud
398 4203 581 4266 udtoauu:
601 4203 652 4264 lsic
665 4211 767 4264 cutem
770 4201 891 4278 furtim
906 4191 1063 4270 subduxit,

139 4292 206 4354 lum
219 4290 300 4354 dura
312 4293 392 4354 euim
408 4294 508 4376 ἰμεαικ
523 4293 646 4356 curcula
664 4288 868 4370 coafioubust.
