2808 4618
243 295 319 368 eoe
487 295 547 364 on
567 294 865 368 venemens
883 243 1075 369 osunen.

245 467 320 556 ίργῳ
340 470 433 529 τοῦτο
455 457 615 528 σπευσάτω
639 467 808 550 πληρῶσαι.
848 464 923 529 εἰδὲ
947 461 999 530 διά
1012 487 1080 528 τινα
1096 460 1265 552 σφάλματα
1277 471 1332 531 καλ

241 570 299 644 τάς
316 563 545 650 συμβαινοόσας
559 563 745 640 ίναντιῶσεις
759 563 903 648 ἐμπόδιον
916 565 1161 653 προσυπαντήσει
1175 568 1269 656 αὐτῷ,
1286 574 1331 647 εἷς

240 672 296 737 τδν
317 671 396 736 κατὰ
416 675 471 734 rod
485 665 651 756 φωσσάτου
666 667 798 752 πόλεμον
811 667 1116 754 παρασκευασθήτω·
1141 673 1192 734 καλ
1205 671 1259 736 τὸν
1272 671 1327 736 τό-

78 793 207 852 Ἑῶὸθοὶι,
215 807 234 842 r.
243 801 318 856 πον,
347 775 379 838 ίν
400 764 424 860 ᾧ
444 772 501 847 τὰς
520 771 633 855 σκηνὰς
655 770 822 855 ἐπήξαντο,
851 771 984 858 ἀκριβῶς
1004 771 1258 856 διασκοπησάτω,
1280 773 1327 858 μή

77 867 151 984 ᾗξέῗ
161 877 233 979 ἓξὲξ
242 903 316 944 ποτε
329 873 469 961 ποταμός
479 876 559 940 ἔστιν
572 871 739 961 ἀσφάλειαν
747 875 851 950 αὐτοῖς
864 879 1026 959 προξενῶν,
1043 873 1157 962 ἢρόιιξ.
1184 860 1234 942 κάλ
1249 877 1354 968 πρδςὸ

77 1019 106 1052 ee
119 1003 165 1051 duo
175 982 295 1064 εοιῑιιτῆν
311 979 398 1044 θίσιν
411 985 466 1043 τοῦ
479 975 576 1042 τόπου
590 979 698 1044 δεῖκαὶ
710 975 802 1042 αὐτόν
814 983 1118 1064 παρασκευασθῆναι,
1140 980 1191 1043 καὶ
1204 983 1326 1067 σπουδῇ

92 1073 233 1190 mugga·
241 1087 337 1169 πολλῇ
355 1079 431 1166 πρὸς
446 1078 554 1145 ἑαυτὸν
566 1079 602 1144 τδ
617 1080 734 1158 πεζικόν
746 1077 936 1168 στράτευμα,
965 1082 991 1144 εί
1006 1079 1153 1161 δυνατόν,
1181 1083 1326 1147 ἐπισυνα-

28 1257 31 1264 ,
109 1212 201 1259 ηομερ.
239 1195 349 1271 γογεῖν.
384 1187 617 1270 προσδοκῶντος
632 1184 665 1248 δὲ
682 1190 737 1248 τοῦ
751 1189 923 1268 στρατηγοῦ
939 1181 994 1266 τὴν
1008 1179 1125 1249 τοότων
1147 1184 1325 1268 ἀποκίνησιν

238 1291 288 1354 καλ
303 1290 333 1354 ἔν
353 1283 444 1376 ἑτέρῳ
459 1282 602 1374 ἀπλήκτῳ
618 1282 804 1369 μετάβασιν,
828 1283 955 1370 ἢτυχὸν
973 1285 1015 1349 δι’
1036 1284 1214 1368 αὐτομόλων
1230 1295 1323 1354 τοῦτο

210 1391 486 1472 Βπυνθανομίνου,
507 1389 575 1453 δίον
589 1389 687 1464 ἱππεῖς
703 1389 876 1454 ἀποστεῖλαι
891 1389 1009 1468 νυκτὸς,
1034 1387 1183 1476 ἀρχηγοδς
1197 1389 1323 1472 ἔχοντας
1333 1405 1370 1458 10

107 1518 211 1570 menne
240 1502 301 1559 τῶν
315 1496 462 1578 ἐμπείρων
476 1485 596 1578 ἀνδρῶν
609 1495 660 1556 καλ
673 1488 847 1575 ἀξιολόγων,
874 1495 924 1556 καὶ
939 1489 994 1556 δόο
1010 1489 1204 1576 ι’γκρόμματα
1219 1519 1323 1579 παρα-

76 1593 384 1709 Ρῐῖἰῖῒζῃξησκευάσαι
402 1595 491 1661 δ’νθεν
508 1595 647 1660 κάκεῖθεν
668 1600 724 1677 τῆς
738 1591 829 1673 ὁδοῦ,
858 1593 902 1658 δι’
925 1584 961 1677 ἧς
975 1592 1126 1678 γενήσεται
1146 1589 1242 1676 ἡτῶν
1262 1621 1323 1660 πο-

100 1731 214 1780 ‚1qu
241 1703 350 1782 λεμίων
366 1699 518 1772 διελευσις.
552 1699 583 1774 ἐξ
598 1695 698 1761 αὐτῶν
713 1698 746 1761 δὲ
761 1702 822 1762 τῶν
839 1695 1070 1762 ἀποσταλέντων
1083 1693 1189 1760 ἑκατόν
1205 1695 1323 1784 ἀνδρας

240 1799 465 1884 ἐπιλεξάμενος,
494 1801 535 1874 είς
550 1797 642 1882 λόχον
666 1797 904 1884 καταστησάτω,
930 1800 1029 1884 χωρία
1049 1795 1260 1886 φυλάττοντος
1281 1801 1322 1864 τδ
1370 1785 1373 1792 ’

239 1906 367 1990 πλησίον
386 1910 441 1986 τῆς
459 1899 597 1987 παρόδου
615 1908 677 1966 τῶν
695 1905 846 1984 πολεμίων
870 1904 1048 1984 διακείμενα.
1082 1904 1132 1964 καὶ
1152 1901 1246 1966 αὐτὸν
1265 1902 1320 1968 τόν
1330 1916 1367 1971 15

240 2005 409 2094 στρατηγὸν
421 2005 482 2090 χρὴ
501 2006 532 2068 ἓν
551 2005 707 2093 ίπιτηδείῳ
730 2003 814 2093 τόπῳ
830 2006 908 2087 μετὰ
929 2004 1041 2079 παντὸς
1056 2009 1111 2068 τοῦ
1132 2010 1209 2069 λαοῦ
1224 2000 1321 2070 αὑτοῦ

235 2111 385 2174 ἰ’στασθαι
403 2106 622 2194 κεκρυμμένον,
650 2111 701 2172 καὶ
721 2109 753 2172 lx
768 2115 919 2194 περιωπῆς
934 2108 1093 2194 ἐφορῶντα
1108 2106 1163 2190 τὴν
1179 2113 1240 2172 τῶν
1261 2133 1320 2173 no-

238 2215 349 2295 λεμίων
369 2210 519 2294 διάβασιν.
558 2209 586 2276 oi
606 2201 660 2275 οὖν
682 2210 779 2286 ἱππεῖς
799 2218 861 2276 τῶν
880 2213 1046 2292 πολεμίων,
1074 2209 1103 2274 οἳ
1121 2212 1163 2284 εἰς
1179 2215 1320 2296 συλλογι-

208 2316 316 2399 Οσμόν
334 2321 445 2402 χρειῶν
466 2314 505 2380 τά
521 2313 622 2400 χωρία
641 2311 863 2401 διερευνώμενοι
889 2313 928 2378 ui
948 2314 1076 2396 πλησίον
1099 2309 1218 2388 τούτοις
1239 2338 1320 2396 συμ-

175 2503 178 2510 y
235 2422 455 2506 παρακείμενα,
483 2413 571 2500 ἡνίκα
598 2417 630 2480 ἐν
655 2427 720 2491 τοῖς
741 2417 978 2502 ῳυλαττομίνοις
998 2417 1123 2502 χωρίοις
1145 2416 1363 2497 είσελθωσιβί)

235 2525 287 2586 καὶ
311 2527 373 2585 τῶν
394 2522 495 2584 ἵππων
515 2514 685 2601 ἀποβάντες
707 2519 764 2594 τάς
785 2519 880 2593 οϊκίας
899 2517 1128 2604 ἀνοιψηλαφῶσι
1149 2522 1210 2582 τῶν
1223 2543 1318 2604 χωρι-

233 2629 313 2702 τῶν,
342 2621 413 2686 κατ’
434 2621 537 2686 αὐτῶν
556 2621 585 2685 οἱ
602 2621 710 2696 είςτδν
728 2618 819 2710 λόχον
841 2616 993 2704 ἱστάμενοι
1014 2617 1122 2686 ἑκατὸν
1145 2619 1241 2696 ἱππεῖς
1264 2617 1318 2708 ὅρ-

232 2721 439 2810 μησάτωσαν,
481 2726 532 2788 καλ
562 2721 654 2800 ὅσους
683 2723 795 2788 ἀνελεῖν
828 2726 1021 2807 δυνηθῶσιν,
1064 2723 1121 2788 είτε
1154 2726 1315 2809 ζωγρῆσαι,

234 2831 408 2918 παραυτίκα
443 2826 520 2914 πρὸς
556 2827 655 2916 φυγὴν
685 2823 859 2913 ὁρμήσωσιν
865 2875 877 2909 ,
910 2822 1130 2914 ἀποφεύγοντες
1156 2825 1213 2910 τὴν
1245 2822 1317 2892 δδδκ

301 3028 346 3082 ts
368 3019 433 3082 κατ’
447 3017 552 3092 elene]
574 3021 621 3078 καί
637 3021 740 3078 scottis
755 3016 829 3076 codd.

236 3201 338 3267 potest,
353 3211 383 3248 re
394 3193 484 3264 exequi
499 3193 527 3248 id
543 3189 643 3262 quidem
654 3193 783 3259 properet.
818 3190 866 3242 Sin
885 3195 970 3244 sutem
989 3192 1023 3244 ob
1039 3191 1177 3244 errationes
1193 3187 1315 3258 qussdnut

237 3264 443 3336 offensionesque
459 3263 656 3314 intervenientes
668 3258 870 3342 impedimentum
881 3261 932 3332 ipsi
945 3261 1068 3324 infertur,
1086 3261 1117 3312 nd
1130 3265 1215 3312 cestre
1232 3275 1315 3327 oppu-

236 3335 340 3401 gnanda
355 3351 383 3382 se
397 3338 539 3399 comperet:
557 3329 652 3392 locum,
669 3330 712 3380 ubr
726 3329 890 3380 taberniaculn
901 3337 1049 3397 posuerunt,
1067 3327 1203 3395 diligenter
1215 3327 1316 3396 perspi-

236 3402 307 3462 ciet,
326 3418 357 3451 ne
373 3401 440 3451 fone
453 3401 545 3452 flumen
564 3397 733 3455 amniculusve
750 3397 847 3459 subsit,
873 3396 1026 3465 praesidium
1045 3395 1095 3446 illis
1108 3396 1241 3462 praebens.
1277 3397 1316 3448 lte

236 3463 394 3518 itixtn'situnr
407 3467 456 3519 loci
467 3469 593 3518 instruere
607 3484 634 3516 se
647 3471 764 3534 oportet,
782 3481 921 3532 magosque
934 3463 1066 3530 diligentia
1089 3463 1202 3514 adhibite
1216 3461 1316 3531 pedite-

234 3547 303 3599 turn,
320 3535 416 3586 silleri
432 3543 533 3603 potest,
551 3549 651 3602 eogere.
687 3534 827 3602 Suspicnns
840 3539 922 3584 sutem
939 3533 990 3582 dux
1006 3531 1161 3583 discessuros
1182 3533 1268 3584 hostes
1288 3533 1314 3584 in

233 3602 334 3670 elinque
348 3613 433 3654 cestre
447 3603 614 3665 transituros,
632 3601 686 3652 eive
699 3617 746 3669 per
757 3602 902 3668 transfugas
917 3601 1027 3651 fortusse
1036 3601 1084 3652 hoo
1101 3601 1215 3662 edoctus,
1240 3601 1315 3652 debet

232 3679 310 3722 noctu
329 3689 344 3723 e
361 3671 427 3722 uites
465 3671 608 3723 reemittere
621 3687 677 3720 curn
697 3669 833 3736 praesectis
855 3669 944 3738 peritis
963 3677 990 3719 et
1010 3669 1137 3738 probetis,
1161 3669 1265 3720 insidias
1283 3685 1315 3720 ue

233 3755 325 3809 perere
341 3689 413 3791 isitres
425 3689 463 3790 ad
474 3745 608 3806 utrumque
621 3737 688 3789 letus
700 3739 773 3800 viee,
790 3753 840 3805 que
859 3739 944 3788 hostes
960 3737 1092 3790 transituri
1112 3739 1171 3790 sint.
1206 3739 1249 3790 Ex
1266 3737 1273 3751 ⁶
1292 3735 1314 3787 is
1338 3747 1340 3752 ·

232 3808 378 3877 praemissis
393 3807 522 3876 equitibus
534 3812 634 3859 centurn
646 3805 758 3858 delectos
775 3805 915 3857 inistibulo
932 3805 1053 3870 collocet,
1072 3807 1116 3876 qui
1139 3807 1209 3858 vicos
1229 3806 1316 3856 obser·

231 3883 293 3930 vent
308 3875 395 3928 itineri
408 3874 610 3928 adversariorum
622 3875 791 3926 subiacentes.
826 3874 961 3944 ipsumque
974 3874 1063 3926 ducent
1077 3882 1180 3944 oportet
1189 3875 1244 3926 loco
1256 3873 1314 3924 ido-

234 3963 282 3998 neo
298 3961 353 3998 cum
367 3945 481 3996 omnibus
499 3943 581 4012 copiis
596 3943 621 3994 in
636 3943 734 3994 occulte
748 3943 895 4006 subsistere,
913 3943 1043 4012 especule
1057 3945 1142 3996 hostes
1155 3948 1315 3994 transeuntes

233 4017 416 4068 observantem.
451 4012 558 4082 Equites
571 4011 787 4074 adversariorum,
804 4012 849 4080 qni
859 4013 1030 4064 frumentandi
1041 4029 1117 4064 ceusu
1126 4012 1197 4063 vicos
1209 4009 1313 4079 propius

233 4085 298 4136 sitos
311 4084 482 4158 perlustrent,
500 4081 572 4133 sirnul
586 4089 665 4151 etque
680 4081 751 4132 vicos
771 4081 887 4132 obsessos
904 4080 1015 4149 ingressi
1032 4097 1064 4132 ex
1083 4081 1156 4149 equis
1175 4077 1315 4131 descende-

234 4151 301 4215 rint,
319 4169 442 4220 ensesque
455 4152 604 4204 rusticorurn
625 4149 734 4202 serenari
752 4150 908 4218 inceperint,
931 4150 1031 4218 equites
1053 4159 1152 4201 centurn
1169 4148 1195 4199 in
1216 4146 1314 4199 insidiis

235 4219 352 4273 collocuti
362 4219 552 4290 inpressionem
565 4221 592 4271 in
602 4219 660 4272 illos
672 4219 775 4282 iaciunt,
792 4225 835 4281 et,
852 4219 907 4271 sive
921 4217 1063 4270 interiectis
1077 4218 1131 4269 sive
1145 4216 1226 4285 ceptis
1237 4222 1315 4283 quot-

234 4296 298 4356 quot
308 4297 454 4360 potuerunt,
471 4290 597 4360 evestigio
611 4289 732 4359 fugasse
744 4287 875 4342 madent:
891 4293 1042 4358 ruentesque
1056 4301 1104 4356 per
1116 4286 1184 4338 sian
1195 4285 1263 4337 inter
1274 4283 1315 4336 bi-
