2780 4658
466 237 725 310 PRAEFATIO.
967 259 972 266 ·
1080 251 1151 300 ma

40 397 125 460 Iasa'u
135 399 169 459 in
180 397 322 460 Notitiis
338 396 423 464 blaa.
439 398 574 478 editum,
597 408 708 482 optare,
727 407 763 460 ut
775 398 905 484 scriptor
916 405 999 464 totus
1007 401 1041 463 in
1054 399 1153 466 lucem

39 505 203 584 pumatur:
225 511 368 564 sumtus
395 502 588 562 necessarios
610 502 734 594 eundem
753 504 1053 568 subministraturum.
1094 505 1153 569 Mi·

40 604 105 666 sites
123 605 226 685 igitur
240 605 440 666 delectatus
458 602 520 664 Iroo
539 603 673 678 meio:
685 605 781 665 multo
793 606 888 666 acrius
900 607 998 667 exarsi
1011 608 1050 668 sd
1062 607 1152 690 cupi-

41 707 144 768 ditatem
170 707 288 768 mendi
313 707 451 790 operis:
483 705 635 786 ipsiusque
655 705 763 768 illustr.
787 708 910 768 Comitia
932 709 1039 769 litteris
1059 711 1151 791 paulo

41 821 97 892 past
107 810 194 890 magis
210 810 315 870 etiam
331 809 556 886 confirmatus,
569 809 709 888 evestigio
721 829 807 870 orsus
817 829 883 870 aum
895 810 1066 874 editionem.
1094 812 1151 874 Ns»

43 933 90 994 que
105 913 222 973 aliunde
243 911 528 993 amplissimorum
558 909 714 971 bominum
737 907 812 972 mibi
831 912 927 974 defuit
947 914 1080 976 atudium
1099 923 1151 976 aut

42 1016 176 1079 voluutas
214 1015 297 1075 llam
314 1025 355 1074 et
372 1013 433 1073 vir
446 1031 581 1074 summus
598 1013 701 1072 Comes
715 1033 755 1072 nu
768 1034 990 1095 monumentor,
1010 1017 1152 1080 Francia·

44 1137 109 1198 par,
125 1117 202 1195 begis
215 1115 493 1177 Christianissimi
515 1113 701 1176 consiliarius
723 1115 862 1196 iutisuus,
882 1137 953 1178 cum
965 1119 1151 1180 administra·

48 1219 144 1279 tisana
155 1219 359 1296 interiorem,
382 1225 425 1278 ut
439 1237 523 1276 nune
534 1235 686 1294 vocamus,
707 1216 741 1276 in
754 1215 850 1276 Gallia
864 1217 995 1301 baberet,
1014 1221 1149 1282 redemto

50 1321 258 1403 exsuplarium,
269 1331 313 1382 ut
332 1321 440 1396 aiunt,
453 1338 580 1378 numero
591 1317 674 1416 baud
686 1317 801 1398 exiguo,
817 1321 1068 1401 expeditissimum
1083 1322 1150 1384 red.

47 1423 207 1484 duetotum
230 1421 450 1504 imprimendi
467 1419 619 1500 negotium
633 1421 770 1500 dignatus
783 1432 845 1483 ests
866 1443 952 1504 quam
966 1424 1028 1484 eiua
1042 1425 1150 1484 voluu-

46 1535 123 1587 usna
133 1537 232 1588 ratam
251 1525 336 1586 iecit
349 1533 427 1605 post
439 1542 507 1582 eum
521 1521 623 1582 eodem
637 1543 760 1583 munere
771 1525 948 1603 Iimgensill.
957 1527 1039 1586 Iloua.
1048 1527 1150 1588 Comes

47 1627 176 1707 enim,
186 1639 248 1690 ete.
254 1625 475 1687 immortalem
487 1623 606 1683 laudem
616 1644 798 1704 comparans,
806 1627 876 1686 dum
889 1627 1003 1688 litteras
1016 1627 1151 1687 etacien·

49 1731 104 1810 lin,
116 1732 311 1810 omninoque
325 1729 429 1789 bonas
443 1725 564 1805 quasvis
576 1725 749 1806 disciplinas
761 1725 927 1788 inFrancia
940 1729 1048 1790 florere
1062 1738 1150 1809 atque

49 1834 139 1895 unsri
161 1834 249 1894 omni
261 1839 385 1892 conatu
402 1836 503 1888 curata
525 1835 555 1886 et
567 1827 616 1888 vit
631 1826 814 1907 eruditione,
836 1831 1027 1910 auctoritate,
1047 1831 1151 1892 virtu·

47 1935 120 1996 tima
140 1932 426 2006 eminentissimus,
448 1928 601 1988 doctrinae
627 1928 787 1989 orientalia
808 1951 863 2012 per
884 1933 986 1993 orbem
1003 1943 1151 1994 terraram

49 2037 201 2119 prinecps,
216 2037 299 2096 liber
309 2035 394 2094 Baro
410 2033 576 2091 Srnvasraa
589 2049 628 2090 ne
642 2033 732 2108 Sacr,
753 2033 862 2094 Rector
876 2035 1076 2096 universitatis
1092 2036 1152 2094 Pa·

51 2141 200 2214 risieaais,
218 2134 426 2198 imitationis
448 2131 586 2212 publicae
605 2131 827 2193 constituendae
839 2135 930 2207 vvir,
950 2137 1063 2197 ordinis
1077 2139 1149 2216 lieg.

53 2237 329 2322 legiuniabunorii.
343 2234 526 2318 praefectus,
542 2231 718 2292 Academiae
730 2234 800 2313 Reg.
809 2235 961 2317 Inscriptt.
975 2237 1151 2301 etlittererr.

49 2343 168 2406 human.
197 2341 297 2404 sodal.
317 2347 379 2402 eto.
406 2337 580 2396 interventu
598 2353 653 2393 auo
675 2331 818 2411 obtinuit,
845 2336 933 2396 utin
954 2335 1152 2418 typographia

52 2447 139 2526 nqis
151 2447 214 2506 Leo
230 2440 376 2505 formulis
392 2438 616 2500 describeretur.
642 2436 697 2514 Ita,
716 2434 764 2495 lais
777 2437 918 2518 auspiciis
931 2441 1060 2521 incepta,
1070 2439 1152 2500 bien-

50 2550 97 2609 nii
108 2550 206 2631 spatio
218 2547 260 2606 sd
275 2543 395 2604 exitum
408 2540 539 2600 adducta
549 2538 700 2619 impressio
716 2548 774 2600 est:
796 2539 910 2600 tardius
925 2543 1047 2602 sortasse
1062 2562 1150 2622 quam

50 2651 205 2728 volebam,
235 2645 364 2726 obsequi
394 2644 537 2704 continuo
569 2642 662 2701 tantia
685 2641 760 2702 viria
781 2641 1027 2704 iucundissimum
1045 2643 1151 2704 existi·

53 2773 152 2813 mans:
175 2751 250 2812 satia
262 2749 338 2826 cito,
350 2745 377 2805 ai
390 2747 500 2806 molem
513 2743 674 2806 voluminis
688 2743 900 2827 difficilemque
912 2744 1057 2807 rationem
1070 2765 1151 2806 com·

52 2854 190 2916 mmtarii
214 2855 488 2928 characterumque
502 2847 682 2908 Graecorum
697 2847 821 2929 spectes

137 2955 173 3018 V.
192 2953 293 3014 Venio
317 2971 401 3011 nuno
422 2949 460 3010 ad
482 2967 606 3029 eaquae
628 2957 764 3010 constant
779 2949 817 3009 de
830 2952 893 3010 vita
910 2948 1032 3029 Leonis,
1053 2969 1149 3033 pauca
1170 2951 1202 3007 P.
1218 2952 1262 3005 vlt

52 3077 131 3135 sane,
151 3077 211 3117 nec
224 3055 347 3116 diversa
365 3053 427 3114 iere
442 3051 538 3129 abiis,
559 3071 633 3131 quae
643 3049 750 3112 Notitt.
766 3051 835 3113 blas.
852 3051 933 3112 VIII.
947 3053 1020 3120 257.
1039 3053 1072 3115 G.
1086 3052 1150 3134 pri·

54 3159 121 3220 dms
139 3155 270 3240 protuli.
313 3154 415 3217 Vitam
435 3154 494 3214 Leo
515 3152 589 3213 adiit
606 3153 710 3229 Calui,
732 3173 807 3234 quae
822 3154 928 3214 civitas
945 3163 988 3213 est
1003 3153 1070 3236 (τῆς
1086 3158 1150 3215 Κα·

54 3263 170 3342 iope&
195 3254 313 3331 niteam
333 3257 374 3316 Le
395 3254 494 3331 Quian
516 3255 630 3320 Orient.
651 3255 760 3319 Christ
773 3257 798 3317 1.
811 3262 883 3324 726.
898 3256 952 3334 C.)
976 3255 1059 3314 baiae
1075 3275 1150 3336 pro-

58 3361 227 3422 euml-rb
244 3359 279 3420 in
290 3359 397 3419 Tmolo
410 3367 526 3434 monte,
545 3377 639 3439 prope
649 3357 763 3418 fontem
777 3358 892 3437 Caystri
905 3356 999 3417 amnia
1013 3354 1103 3437 (inira
1117 3365 1149 3424 9.

57 3461 111 3542 CI:
130 3463 159 3524 ia
174 3469 297 3524 tractus
313 3458 409 3521 omnis
422 3459 546 3521 themati
560 3461 771 3521 Thracensium
781 3469 855 3520 tunc
868 3461 1087 3521 accensebatur.
1107 3460 1151 3519 Ds

57 3573 220 3645 parentum
237 3561 410 3624 conditione
432 3583 494 3622 non
514 3561 656 3624 babemus
678 3563 760 3643 quod
782 3563 905 3642 liqueat:
941 3561 1022 3643 patri
1042 3577 1152 3620 nomen

58 3665 161 3726 Basilii
181 3665 277 3726 fuisse
292 3666 357 3746 ipse
374 3665 416 3725 nit
429 3671 458 3731 2.
475 3665 509 3724 Β.
549 3665 734 3748 deprimam
749 3663 868 3745 quidem
881 3665 1039 3723 aetatulam
1052 3662 1085 3723 iu
1099 3684 1152 3743 pa.

59 3767 116 3828 tr‘n
141 3775 362 3850 pauentiumque
390 3765 547 3846 disciplina
571 3767 692 3828 videtur
714 3765 859 3844 exegisse:
890 3763 963 3826 inde
986 3765 1153 3824 studiorum

61 3889 147 3929 musa
167 3867 461 3950 &nstantinopolim
477 3876 620 3950 tanquam
639 3869 677 3930 sd
698 3869 821 3928 domum
834 3865 983 3947 quandam
999 3865 1152 3926 doctrinae

61 3971 222 4052 possmus,
245 3970 290 4032 ibi
305 3979 413 4042 a.·966.
427 3993 521 4035 mena.
534 3973 630 4054 April.
646 3989 730 4031 sacro
744 3967 860 4028 solenni
871 3967 1069 4044 Aseeusionis,
1089 3983 1152 4025 mo·

61 4081 95 4133 tu
116 4073 263 4156 populari
286 4075 319 4136 in
337 4073 678 4156 Nicephorum-effecto,
706 4071 914 4154 imperatorem
937 4069 1081 4149 gradatim
1100 4085 1154 4147 per

62 4175 164 4238 urbem
184 4175 371 4256 equitantem
390 4177 563 4260 conspexit,
582 4177 781 4256 virtutemque
798 4171 861 4233 eius
881 4181 910 4232 et
923 4171 1015 4232 animi
1025 4169 1154 4231 firmita-

125 4277 182 4332 Iaeo
197 4277 339 4332 Diem
929 4257 950 4316 b
