2802 4624
348 279 393 350 IN
422 279 667 355 ΤΙΙΕΟΠΟὸΙΙ
696 280 928 355 Aenoesus
1119 275 1195 354 533

77 439 221 496 ueritate.
266 438 316 500 Ita
334 442 414 498 enim
431 436 658 506 attendentibus
670 435 760 499 ualde
777 459 896 520 pare·,a
918 453 946 503 et
965 443 1085 502 nullius
1096 450 1193 522 pretii
1243 467 1250 476 ·

77 521 274 582 uidebuntur
289 545 325 581 ea
332 545 443 603 ,quae
459 545 513 602 ego
534 527 694 584 mentitum
716 546 778 584 esse
797 524 908 586 dicam.
951 529 1031 587 Sunt
1047 533 1125 588 enim
1141 553 1192 590 re-

77 627 159 666 cera
179 609 318 667 Ιιιιιιιαιια
340 607 515 684 mendacia,
540 619 568 667 et
580 611 635 669 eal
622 609 670 667 lde
690 609 828 668 credibil'
803 611 864 686 lea,
887 633 916 669 si
911 611 1128 689 'corfiran‘tur
1146 615 1193 676 ud

77 712 138 768 ea,
161 715 241 772 quae
257 691 294 750 de
310 691 419 753 divina
439 704 530 773 atque
544 697 690 753 immensa
705 707 820 766 natura
833 701 977 756 mentitus
992 710 1046 759 eet.

171 793 222 858 24.
245 796 458 902 Ποριιυργίους
477 787 601 876 δόμους]
623 795 677 856 Ηίι
690 796 787 856 verbis
807 806 892 856 notat
903 805 1002 902 potita
1011 799 1183 876 Homerum,
1201 815 1232 867 P
1248 815 1301 870 378

78 895 139 954 que
129 873 327 937 Troiam'
293 883 447 960 ειτιίχιον,
464 880 534 937 berre
547 891 764 952 muratarum
779 875 1002 964 eddueiroer'
959 908 1103 966 πυργοιις,
1117 887 1187 945 bene
1203 883 1259 938 001·
1273 891 1288 941 l

78 959 269 1040 aedificatas
294 974 395 1022 turrea
413 968 651 1047 frequenterque
676 965 843 1047 dispositae
867 968 1042 1054 habentem,
1071 971 1187 1054 saepius

79 1045 116 1104 in
133 1045 229 1106 lliede
244 1067 351 1108 vocare
365 1050 452 1112 solet.

147 1153 220 1220 ,27.
249 1144 445 1230 umentem]
467 1151 621 1212 Cornelius
642 1151 737 1213 edidit
755 1145 951 1232 ψευσιίντιιιι,
972 1153 1024 1218 sed
1045 1153 1083 1217 ed
1102 1175 1186 1218 orem

77 1231 207 1313 paginae
221 1234 384 1294 mendum
375 1257 408 1296 ιιι
424 1256 458 1294 ea
473 1255 549 1296 voce
567 1239 662 1296 latens
676 1239 816 1298 advertit.

168 1341 219 1401 29
239 1329 316 1398 Ἀλλ’
337 1329 363 1399 ὦ
379 1343 550 1435 στρατηγῶν
572 1333 731 1418 depactio]
753 1340 820 1398 Non
833 1337 1012 1418 ineleganter
1030 1341 1183 1402 adsimila·

79 1428 135 1478 tur
154 1418 300 1482 Homerus
323 1425 447 1498 crateri,
477 1424 511 1482 ie
536 1443 596 1503 quo
619 1423 745 1482 humilia
765 1424 946 1484 Graecorum
968 1425 1085 1484 Ducum
1105 1429 1184 1486 fecta

81 1524 153 1562 cum
170 1505 254 1564 elatis
276 1527 312 1566 ec
337 1507 474 1568 fastuosis
496 1509 597 1567 verbis
618 1509 785 1568 miscentur
807 1519 837 1568 et
860 1509 1119 1608 adtemperautur,
1147 1532 1183 1571 eo

2 1599 5 1650 ἶ
78 1590 188 1666 modo,
211 1611 270 1670 quo
288 1592 320 1651 in
336 1603 450 1652 cratere
465 1593 572 1652 vinum
587 1613 655 1654 cum
676 1615 752 1689 equa
768 1593 881 1652 solebat
892 1595 1061 1673 temperari.
1102 1596 1183 1656 sudi

80 1674 308 1737 Pharonnum:
330 1674 453 1782 Κραιήρ
468 1672 574 1752 σκεῦός
589 1702 633 1756 τι,
656 1671 730 1741 ἕν’
706 1703 729 1762 ῳ
747 1675 797 1741 τὸν
813 1673 898 1742 οἶνον
922 1680 954 1742 oi
973 1677 1095 1742 παλαιοὶ
1114 1703 1182 1761 κιρ-

79 1763 191 1833 arietes
201 1755 299 1860 ὕδατι,
314 1757 400 1838 ἐξ’
360 1786 454 1825 αυιοιι
442 1762 573 1827 ’ἔπινον
586 1745 797 1845 λαμβάνοντες.
826 1763 932 1823 Crater
946 1785 1002 1824 aas
1014 1762 1181 1844 quoddam,

79 1866 115 1902 ιιι
141 1866 201 1923 quo
223 1849 329 1906 uinum
343 1869 413 1908 cum
434 1869 521 1928 equa
543 1852 666 1929 antiqui
687 1849 868 1926 miscebunt,
897 1871 932 1909 er
954 1871 1013 1929 qno
1031 1861 1181 1910 sumentes

80 1929 230 1989 bibebant.

164 2019 216 2081 32
233 2015 316 2089 Ὡςζ
313 2012 387 2098 αγις
404 2014 513 2099 γενοῦ]
535 2016 680 2076 Ultimum
695 2014 824 2076 leuius
804 2036 907 2078 versus
921 1997 1046 2078 verbum
1061 2018 1178 2080 deside-

79 2108 167 2160 retur
188 2101 222 2158 in
243 2102 372 2160 editione
394 2102 541 2178 Cornelii,
571 2101 711 2180 quoniam
730 2101 763 2159 in
784 2103 894 2160 Codice
915 2123 949 2161 eo
967 2103 1029 2160 loci
1048 2105 1178 2164 maxime

81 2183 255 2262 absumpto,
277 2185 331 2244 vix
345 2185 480 2244 ullum'
456 2206 518 2245 eius
532 2187 688 2264 vestigium
702 2197 844 2265 superest.
886 2188 947 2244 Nes
962 2196 1059 2245 temen
1073 2208 1177 2266 super-

81 2267 202 2328 stitibus
216 2268 325 2329 litteris
341 2271 517 2349 diligenter,
538 2280 572 2330 ut
592 2271 764 2354 potuimus,
788 2270 947 2355 inspectis,
970 2277 1175 2351 traducere

80 2353 155 2436 potii
165 2374 253 2433 posse
268 2356 449 2418 censuimus.

167 2457 218 2523 46
240 2461 372 2531 Πολλαῖς
385 2457 514 2537 ταχείαις
527 2452 646 2537 ὁλκάσι]
662 2455 864 2536 Nicephorum
880 2455 973 2516 classe
988 2456 1059 2516 eatis
1072 2477 1177 2535 megm

84 2552 254 2621 comparata
278 2543 440 2602 exercitum
462 2545 577 2601 Cretam
596 2544 770 2622 adduxisse,
792 2563 862 2602 cum
879 2542 945 2600 aliis
961 2541 1081 2601 Graecis
1097 2542 1175 2602 scri·-

81 2629 216 2706 ptoribus
238 2626 420 2687 Theodosius
444 2627 496 2687 hic
518 2639 737 2688 commemorat.
788 2627 900 2686 Harum
924 2626 1045 2686 navienn
1067 2647 1175 2686 nume·

82 2732 150 2772 rum
164 2713 335 2790 diligentius
351 2712 526 2792 perstringit
537 2714 673 2772 Incertus
691 2713 887 2772 Continuetor
903 2711 1100 2791 Theophanis,
1123 2732 1175 2772 eu-

83 2805 156 2872 ctos,
179 2798 360 2858 utceediter
368 2817 532 2874 ,coaevum
555 2797 1039 2858 inllomanilunieriseitenum.
1056 2800 1094 2858 X.
1110 2817 1174 2876 pag.

82 2887 152 2948 297
173 2881 255 2942 hisce
269 2881 385 2944 verbise
407 2887 478 2962 νῆις
496 2879 554 2965 yde
567 2881 706 2965 αἰιῆρχον
721 2878 793 2964 nerei
809 2879 906 2962 byeoei
919 2877 1012 2963 ιιιιρός
1025 2883 1174 2960 δισχίλιαι,

82 2961 231 3047 despuere
240 2969 344 3068 χίλιοι,
367 2964 497 3067 καβάρια
512 2991 668 3050 καματηρα
688 2987 819 3067 σιτιισεις
834 2966 938 3046 ἔχοντα
958 2967 1010 3028 καὶ
1030 2963 1107 3028 breta
1119 2989 1173 3028 πο-

83 3049 185 3130 ienensi
207 3047 363 3132 τριακόσια
378 3049 461 3114 inre.
505 3055 607 3112 Naves
627 3065 712 3111 erant
733 3056 803 3132 igne
817 3053 932 3110 Graeco
947 3053 1114 3108 instructae
1127 3050 1174 3108 bis

84 3138 179 3214 mille,
201 3139 310 3196 celoces
328 3139 425 3212 mille,
445 3139 572 3196 sarabia
588 3141 728 3197 oneraria
742 3157 880 3195 annonas
901 3155 1047 3213 armaque
1067 3134 1175 3196 bellica

84 3184 273 3282 coneebentia
285 3234 392 3300 septem
409 3243 503 3301 supra
518 3233 655 3282 trecenta.
698 3223 802 3281 Parem
816 3221 939 3280 navium
952 3240 1108 3278 numerum
1122 3239 1174 3279 re-

85 3317 182 3366 censet
204 3309 292 3367 etiam
312 3307 431 3366 Simeon
450 3307 604 3384 Magister,
628 3316 659 3366 et
673 3305 835 3381 Logothete
859 3306 891 3364 in
905 3307 1038 3366 Romano
1052 3304 1187 3364 Iuniore-
1225 3311 1230 3320 '

85 3411 163 3450 ιιιιιιι.
182 3393 221 3450 ll.
242 3413 307 3473 pag.
331 3393 402 3459 498.
424 3395 456 3451 in
482 3413 574 3470 eoque
591 3393 655 3451 solo
671 3391 790 3469 differt,
815 3391 897 3472 quod
915 3410 1007 3451 neves
1021 3389 1171 3450 onerariae

84 3497 177 3554 usque
199 3478 237 3536 ed
255 3487 404 3538 trecentas
417 3477 570 3556 sexaginte
585 3487 682 3558 auget.

167 3577 216 3644 51
228 3575 405 3659 Ἔστησε
371 3604 424 3655 τας
439 3575 606 3662 φάλαγγας]
627 3579 788 3661 Nicephori
801 3576 921 3638 solertia
940 3597 976 3636 ec
998 3575 1106 3657 peritia
1127 3576 1173 3635 rei

84 3661 206 3722 bellicae
220 3662 267 3721 bis
287 3665 419 3725 versibus
440 3666 664 3725 commendatur
672 3665 756 3744 ,qui
779 3674 939 3762 postquem
959 3661 1121 3722 exercitum
1139 3660 1172 3718 in

87 3751 200 3808 Cretam
216 3748 328 3824 eduxit,
344 3751 451 3810 milites
463 3750 622 3810 ordinatim
634 3750 790 3830 disposuit,
800 3769 836 3807 ao
847 3749 881 3806 in
892 3769 946 3807 suo
956 3766 1089 3826 quosque
1104 3747 1171 3805 loco
1198 3755 1202 3766 “

86 3845 160 3895 sture
169 3833 267 3908 iussit,
281 3854 317 3892 ne
333 3835 576 3916 sorteinopinato
588 3835 756 3914 eg,rese1sb
765 3833 907 3913 Agerenie
917 3831 1173 3930 opprimerentur.

86 3919 166 4000 quod
187 3917 271 3978 laudi
285 3918 372 3978 etiem
386 3919 555 4002 Nicephoro
575 3922 684 3982 tribuit
698 3921 817 3979 Simeon
831 3917 994 4024 Magister
984 3938 1017 3975 ιιι
1042 3919 1172 3975 Romano

86 4005 201 4064 leniore
220 4024 305 4064 nune.
330 4003 367 4063 ll.
389 4025 453 4084 pag.
475 4006 546 4072 498
565 4006 608 4066 ita
628 4006 777 4066 scribens:
798 3999 927 4084 ’Λιιᾶρας
943 3993 1068 4081 aborsis
1085 4001 1174 4096 βασι·

87 4091 165 4164 iidoc
183 4083 391 4195 Νικηφόρος
375 4113 390 4153 o
405 4087 595 4194 Asuccuris,
615 4091 664 4154 καὶ
679 4117 715 4153 τα
704 4085 854 4198 Φύγιλα
867 4082 1052 4168 καταλαβών,
1067 4077 1175 4164 ἐφρόν-

87 4169 219 4252 estse,
200 4175 315 4248 οιιιιςό
333 4169 452 4256 σύμπας
473 4171 573 4250 στόλος
589 4171 669 4259 atim)
656 4171 779 4239 ἐπι
745 4199 778 4238 ιο
798 4197 871 4237 aueo
861 4169 949 4250 εἴη,
971 4169 1022 4233 καὶ
1040 4187 1176 4251 προσορ-

89 4261 205 4342 pitseo.
257 4260 311 4322 Sol
310 4281 380 4321 rens
403 4264 507 4342 itaque
528 4239 679 4341 Byzantio
702 4260 890 4341 ΝἰσφῘιοιιιι
912 4259 1119 4350 Domesticus,
1150 4261 1178 4308 et
