2786 4620
131 305 475 382 unumunurn
494 309 576 380 mc
598 309 726 379 enoc.
745 309 807 378 er
829 310 886 377 10.
906 313 1025 384 rzm.
1073 307 1150 382 eta

52 473 173 557 gladios
193 471 390 533 enimmnnt
432 467 620 550 Nicephorus
638 469 800 547 Arabium,
820 470 872 550 qui
885 471 998 550 gladios
1011 473 1150 536 atrinna-

52 590 142 653 ιω,
166 576 280 653 iratus,
299 575 363 642 400
383 572 464 635 viros
488 584 518 636 et
533 577 669 654 mulieres
688 575 797 636 mulne
819 573 937 636 oceidit.
976 573 1059 654 ¹Quia
1071 576 1149 637 ieiu-

5 679 8 766 ᾐ
53 683 143 744 mum
171 675 424 759 quadragesimale
444 679 751 760 appropinquaverat,
783 674 969 754 Nicephorus
989 697 1060 738 cum
1087 679 1150 740 suis

5 767 8 896 ῐ
56 785 230 844 &marem
247 778 337 865 abiit,
365 787 437 858 post
452 780 544 840 festos
565 781 628 842 dies
649 779 813 841 rediturus.
854 777 1003 838 Tarsensis
1018 777 1149 841 Arabum
1235 819 1237 824 ·

5 897 7 970 ξ
56 885 141 962 dux,
164 883 277 944 coeatis
290 881 393 958 4000,
414 881 535 944 adortus
549 884 699 943 ltomanos
716 881 817 944 victus
832 888 863 939 et
873 900 937 940 non
949 879 1013 961 ipse
1023 889 1150 960 tantuna,
1170 873 1172 887 ¹

57 987 111 1048 sed
128 1005 231 1046 omnes
251 983 340 1045 etiam
360 983 472 1045 Arabes
487 994 517 1044 et
534 985 627 1046 [mter
647 1003 765 1065 quoque
781 980 932 1061 Tarsensis
951 982 1053 1060 doch,
1073 979 1149 1046 Bar.-

5 1095 7 1156 5
57 1087 184 1164 nahabi,
205 1086 294 1148 occisi
306 1094 383 1146 unt.
412 1086 545 1163 Romani,
559 1086 669 1147 iterum
682 1086 815 1148 Ciliciam
830 1083 970 1164 ingressi,
992 1103 1151 1166 expugna-

5 1187 7 1236 *
58 1200 137 1253 runt
157 1209 255 1250 arcam
271 1187 324 1248 Zia
344 1199 373 1248 at
389 1187 537 1269 praesidio
559 1209 622 1248 non
642 1189 669 1254 ei
687 1197 822 1264 tontum,
851 1187 906 1272 aad
922 1187 1043 1267 reliquis
1062 1189 1151 1249 etiam

58 1291 180 1353 arcibus
197 1290 357 1371 imposito,
373 1291 508 1372 profesti
526 1299 596 1350 sunt
613 1291 769 1351 Halebum.
812 1289 962 1370 Opposuit
972 1309 1004 1350 se
1019 1291 1152 1372 Siphod·

5 1439 6 1462 ἶ
59 1393 151 1454 derna
165 1391 318 1470 Romanis,
335 1393 389 1452 aad
401 1393 502 1454 victam
515 1400 568 1452 sat.
603 1391 780 1454 Ceciderunt
791 1392 879 1453 etiam
889 1413 992 1453 ornnes
1003 1393 1151 1456 Hamdani

5 1523 7 1576 p
59 1493 120 1555 tilii
147 1503 176 1554 et
201 1495 270 1575 ipse
293 1494 497 1576 Siphoddsula
521 1515 590 1554 oum
615 1495 720 1576 paucis
747 1477 865 1556 tantum
895 1497 1014 1556 eaedem
1040 1496 1151 1576 affugit.

5 1617 6 1652 ῑ
60 1596 182 1675 subegit
193 1597 380 1659 Domesticos
392 1599 491 1658 aulam
504 1597 575 1674 eius,
592 1617 666 1677 quae
678 1609 763 1659 exue
776 1600 860 1660 urbis
873 1617 992 1658 murum
1005 1600 1062 1659 sita
1078 1608 1151 1676 erat,

60 1700 97 1760 ab
111 1719 204 1780 oeque
216 1719 281 1760 non
293 1707 411 1759 tentum
424 1705 488 1768 390
506 1700 620 1781 argenti
633 1701 759 1781 talenta,
782 1701 834 1762 sed
852 1701 941 1766 etiam
954 1702 1038 1768 2400
1052 1703 1151 1762 malm

60 1811 93 1864 et
112 1823 264 1863 armorum
283 1801 436 1863 infinitum
458 1823 615 1864 numerum
635 1805 739 1883 exegit.
782 1804 1018 1882 nutriremur,
1046 1805 1152 1866 urbem

58 1903 155 1984 msam
170 1895 373 1986 oppugnavit,¹
394 1904 428 1966 in
449 1905 533 1990 cuius
548 1925 632 1967 muro
647 1925 738 1985 quum
751 1914 921 1985 aperturam
936 1907 1070 1984 fecisset,
1090 1909 1152 1968 lto·

5 2013 6 2042 ³
58 2007 142 2066 mni
152 2006 329 2086 transgressi
345 2007 428 2066 caedi
444 2007 507 2066 noir
524 2009 609 2088 prius
621 2007 713 2068 finem
727 2008 877 2084 feceruut,
899 2029 987 2089 quam
1003 2010 1153 2089 defatigati

5 2149 6 2154 κ
58 2117 155 2173 erant.
198 2109 426 2170 Inveneruntin
443 2131 477 2170 ee
497 2115 580 2177 1200
592 2111 741 2169 Romanos
755 2109 891 2188 vinctos,
914 2129 989 2190 quos
1008 2111 1042 2170 in
1057 2111 1151 2172 liber-

5 2205 7 2268 }
58 2219 155 2270 tatem
174 2210 374 2276 restituerunt.
424 2213 497 2272 Plus
512 2231 601 2290 quam
623 2213 736 2285 1o‚000
752 2229 915 2290 puerorum
936 2221 966 2271 et
983 2213 1152 2292 puellarum

5 2301 6 2386 p
60 2311 256 2374 abduxemnt
271 2323 301 2374 et
311 2315 438 2395 praedae
447 2324 572 2392 mutum,
586 2321 696 2393 quanto
711 2313 833 2372 ferendo
843 2331 929 2393 peres
944 2322 1037 2391 eraut,
1047 2334 1153 2393 aspor-
1251 2357 1259 2368 .

58 2424 172 2478 terum.
216 2415 305 2489 Quod
324 2416 474 2505 retiquum
493 2424 572 2492 erat,
594 2414 830 2477 combusserunt.
871 2415 1053 2476 Inranerunt
1070 2417 1154 2476 lacus

5 2443 8 2612 i
61 2520 128 2579 oleo
150 2517 299 2580 olivarum
318 2519 441 2600 plenos,
464 2539 538 2599 quos
559 2539 635 2600 aqna
651 2517 868 2598 impleverunt,
890 2526 925 2576 ut
945 2517 1043 2578 oleum
1066 2539 1155 2578 omne

5 2615 7 2686 i
61 2631 271 2703 supernataret
285 2631 315 2683 et
329 2620 436 2682 deinde
449 2619 604 2682 interram
617 2619 743 2681 effusum
758 2628 1004 2700 corrumperetur.
1031 2621 1154 2701 Temple

5 2689 7 2836 ζ
60 2732 253 2803 everterunt,
274 2725 381 2806 quibus
395 2723 580 2788 destruendis
594 2725 722 2786 Romani
734 2741 843 2783 norem
856 2721 919 2780 dies
938 2723 1154 2794 shsumserunt,

5 2849 6 2872 1
62 2825 166 2900 Quum
188 2827 220 2886 in
233 2848 267 2888 eo
279 2836 389 2905 essent,
407 2836 440 2888 ut
455 2828 588 2907 abirent,
613 2829 727 2891 obstitit
739 2830 849 2892 sororis
864 2829 944 2888 filius
955 2831 1031 2909 ragis
1043 2831 1155 2890 Roma-

5 2925 7 2978 ?
61 2929 105 3008 ui,
127 2928 328 3011 Nicephorum
343 2931 375 2991 iu
389 2931 501 2992 bellum
517 2941 645 3011 secutus,
669 2933 756 3009 „Non
770 2933 952 2994 discedimus
959 2937 987 3009 ,”
1007 2931 1154 3012 inquiens,

63 3031 181 3109 „donec
193 3053 291 3093 arcem
302 3034 532 3116 aperuerimus.”
553 3034 748 3117 Nicephorus,
756 3034 965 3115 quiadverssri
972 3053 1033 3094 non
1046 3045 1156 3114 posset,

64 3135 160 3216 „Em”
182 3137 287 3215 aiebat,
308 3158 383 3215 „arx
394 3147 463 3199 ante
475 3149 505 3199 te
522 3135 580 3218 est3
602 3140 659 3217 abi,
675 3148 710 3199 ut
722 3133 854 3219 capias.''
880 3136 939 3196 Hio
951 3135 1028 3214 regis
1043 3139 1155 3197 sororis

63 3239 145 3298 filins
157 3239 212 3300 vix
224 3239 300 3300 arcis
311 3251 416 3323 portae
427 3241 728 3324 appropinquaverat,
744 3259 837 3320 quum
844 3235 1002 3318 quielapis
1016 3257 1054 3297 ex
1068 3258 1155 3318 aper-

63 3349 135 3402 tura
147 3361 239 3422 super
252 3343 328 3405 ercis
341 3354 429 3427 porte
441 3354 544 3404 contra
557 3345 643 3404 illum
656 3343 807 3424 proiectus
825 3341 905 3423 apud
916 3361 984 3400 aum
996 3339 1154 3418 deciderat,

63 3463 168 3504 aversa
180 3443 256 3504 fecis
271 3445 357 3526 fugit.
399 3449 476 3508 Tum
491 3457 593 3529 aperta
605 3457 693 3528 porta
706 3440 861 3505 Dailamite
876 3442 1013 3524 quidam,
1034 3444 1156 3504 nomina

63 3545 176 3606 Bescha
184 3591 193 3624 ,
215 3549 376 3629 fugientem
391 3561 519 3628 secutus,
539 3550 655 3610 hastam
669 3553 749 3609 inter
761 3545 902 3607 humeros
919 3547 980 3607 eius
991 3547 1034 3607 ita
1047 3546 1157 3626 adegit,

62 3658 99 3709 ut
113 3671 168 3730 per
187 3663 293 3732 pectus
306 3653 416 3730 exiret,
440 3664 471 3714 et
484 3651 543 3714 hoc
559 3653 649 3714 modo
663 3651 821 3712 interemit.
863 3649 985 3710 Reversi
1006 3649 1068 3709 eius
1083 3647 1158 3708 socii

63 3752 193 3813 mdaver
204 3753 242 3814 ad
257 3754 459 3836 Nicephorum
470 3757 655 3831 retulerunt,
676 3754 729 3835 qui
746 3761 872 3815 mortem
886 3751 943 3812 filii
955 3750 1066 3811 sororis
1078 3749 1156 3828 regis

62 3854 184 3915 ulturus
205 3861 287 3923 1200
306 3857 474 3937 trabibus,
506 3859 557 3938 qui
579 3857 676 3921 vincti
699 3855 781 3939 apud
808 3875 876 3915 eum
904 3853 1157 3929 custodiebantur,

62 3956 163 4050 capita
182 3958 317 4019 absoindi
337 3960 442 4041 iussit;
469 3982 529 4043 quo
550 3963 631 4022 facto
652 3962 684 4022 in
706 3971 814 4021 terram
837 3959 1037 4018 Romanorum
1060 3954 1158 4015 rediit.

61 4057 99 4117 In
115 4059 192 4120 vicis
213 4060 319 4124 Halabi
340 4063 462 4124 ommno
475 4063 553 4124 nihil
566 4064 720 4146 campie,
741 4064 803 4123 imo
823 4069 950 4140 agrestas
970 4060 1014 4118 ite
1026 4077 1160 4117 commo*

61 4161 149 4222 nuit:
171 4163 236 4240 „Na
257 4175 369 4226 cessate
389 4167 426 4226 ab
444 4166 672 4246 agricolatione3
694 4186 763 4226 nam
783 4173 888 4226 nostro
910 4172 954 4222 est
970 4160 1044 4220 haee
1063 4167 1160 4236 terra3

62 4260 150 4329 bravi
173 4267 214 4329 ad
235 4287 291 4332 vos
315 4267 511 4332 redibimus.'’
561 4269 632 4331 Hoc
652 4279 788 4351 tempora
806 4267 916 4330 iterun
938 4261 1022 4332 mille
1045 4258 1161 4344 peditffl
