2802 4624
324 325 368 394 IN
389 325 882 397 THEODOSIIACROASES.
1083 322 1158 400 647

65 485 215 564 uigebant.
255 438 341 544 Aodi
357 482 474 562 saepius
500 481 654 542 laudatum
677 481 805 541 Leonem
829 481 1010 550 Diaconum:
1036 489 1158 550 Etenim

66 573 254 648 infortunio,
277 567 362 648 quod
381 569 532 626 Romanis
552 587 649 647 nuper
666 566 838 641 acciderat,
859 572 1035 632 immensum
1055 597 1158 655 super·

64 657 163 732 triens,
186 658 345 714 Romanae
360 650 488 710 ditionis
508 653 614 710 littora
631 653 756 732 locaque
770 656 928 714 maritima
943 658 1150 736 praedationi-

64 741 122 800 bus
135 743 265 799 inarime
278 737 452 816 infletahot.
494 737 569 797 Vide
586 739 704 816 Pegium
717 739 787 798 ibid.
801 759 867 818 pag.
882 743 953 805 873.

151 831 219 892 111.
239 818 290 886 'En
303 829 362 885 τῶν
379 817 480 904 eineis]
504 826 664 882 Saracenos
679 834 765 884 extra
790 825 893 884 urbem
916 825 1050 904 polentes
1071 837 1156 890 entre

63 919 95 970 et
107 909 251 990 impervia
265 911 328 966 loto
344 907 498 983 hobitusse,
511 918 636 967 testetur
648 929 718 967 mox
731 908 869 968 laudatus
881 909 1068 992 Theophanis
1076 914 1157 973 Cou-

61 997 198 1055 tintmtor
218 1014 383 1072 anonymus
414 994 444 1051 in
467 995 551 1057 Rom.
580 993 644 1054 luo.
665 1014 748 1054 num.
770 995 808 1052 X.
829 1013 893 1074 pag.
916 997 1156 1062 senserimus:

64 1077 193 1142 Mando
215 1077 247 1140 dl
269 1072 479 1159 ὃΝικηφόρος
499 1073 545 1140 ln
567 1079 599 1140 ol
619 1080 673 1154 ἔξω
691 1083 747 1142 τοῦ
767 1073 895 1160 adcenso
912 1075 1158 1157 ἀποκλεισθέντες

64 1165 108 1238 εἰς
136 1163 173 1225 τὰ
192 1158 362 1243 στεναίματα
384 1165 434 1225 καὶ
463 1161 638 1242 stercorique
668 1163 719 1224 καί
752 1157 862 1244 dudam
883 1164 934 1226 sot
956 1163 1006 1245 ἕλη
1028 1165 1078 1230 καί
1100 1163 1157 1249 ὅρη

61 1247 263 1330 προσέφυγον.
306 1249 452 1307 Intellexit
467 1259 568 1305 autem
587 1248 787 1326 Niceplrorus,
808 1269 866 1324 eos,
891 1251 945 1328 qai
958 1251 1030 1308 arbe
1044 1253 1158 1310 exclusi

63 1345 167 1410 erant,
189 1336 222 1391 in
243 1345 379 1412 angusta
401 1344 428 1391 et
445 1333 608 1392 clausuras
629 1333 819 1412 alveolosque
840 1343 867 1390 et
881 1335 983 1392 saltus
1003 1346 1030 1393 et
1045 1348 1158 1397 montes

1 1445 2 1448 ¹
63 1421 246 1498 corffagisse.

152 1511 219 1570 122.
243 1486 408 1583 Προφήτης
426 1497 498 1578 cide}
524 1502 688 1560 confictam
703 1499 875 1561 Mnemetbis
892 1501 1038 1562 visionem
1053 1503 1090 1564 de
1104 1505 1159 1564 Pa·

61 1588 154 1648 radisi
169 1589 351 1647 beatitudine
366 1589 472 1648 recitet
485 1588 609 1646 Arabiae
630 1597 660 1646 et
676 1588 777 1646 Latine
795 1587 964 1646 Ludovicus
978 1587 1158 1649 Morroccius

24 1721 29 1729 .
61 1675 95 1732 in
112 1674 142 1732 P.
158 1673 193 1732 11.
210 1673 368 1734 Prodronri
389 1673 427 1732 sd
446 1673 662 1732 liciatotionetn
678 1671 820 1730 Alcoroni
846 1692 913 1752 pag.
933 1676 983 1737 20.
1004 1672 1059 1732 ubi
1082 1673 1157 1732 boec

60 1757 215 1836 leguntur:
238 1761 315 1818 Sunt
328 1770 429 1816 autem
444 1759 488 1816 itt
504 1759 613 1816 calices
627 1754 672 1813 ad
685 1754 845 1815 hibendum
867 1768 1062 1836 latitantem,
1086 1769 1158 1838 quot

61 1853 134 1901 sunt
152 1841 253 1900 sidera
268 1847 301 1900 ln
319 1845 418 1901 eaelo:
441 1855 469 1900 et
479 1843 604 1922 paellae
626 1853 652 1898 et
665 1844 755 1918 paeri
778 1843 984 1899 ministrantes
1008 1845 1040 1902 in
1056 1847 1157 1901 Para.
1178 1849 1180 1854 '

62 1927 131 1986 diso
155 1926 200 1984 ael
223 1927 473 1986 manducandum
494 1939 520 1985 et
546 1925 724 1984 bibendam:
764 1937 791 1982 et
812 1924 1053 1986 adolescentulae
1077 1929 1157 2008 pul-

62 2013 245 2086 cherrimae,
270 2023 421 2092 qnantum
437 2015 569 2090 eogitari
579 2013 696 2088 possit‚·
719 2031 753 2067 ex
774 2012 886 2088 quibus
901 2014 930 2068 si
944 2033 1008 2068 una
1023 2034 1157 2092 appare·

62 2108 109 2156 ret
125 2097 271 2173 incaelo,
293 2097 342 2156 nel
355 2099 388 2153 in
403 2103 471 2152 a'e're
483 2106 628 2158 nocturna
644 2107 787 2173 tempore,
809 2095 996 2154 illuminaret
1007 2095 1158 2158 mnndum

61 2185 253 2256 unls'ersam,
277 2203 336 2238 non
353 2201 438 2238 secas
453 2201 491 2238 ac
503 2185 532 2238 si
546 2191 619 2238 esset
631 2181 679 2237 sol
696 2181 938 2237 lucentissimuee
959 2189 987 2236 et
999 2183 1028 2237 si
1040 2191 1158 2261 spueret

1 2341 2 2346 Ἰ
61 2271 197 2342 inerrare,
210 2277 285 2324 certe
296 2277 429 2324 mutaret
442 2264 622 2324 salsedinem
636 2267 698 2322 eius
711 2268 742 2322 in
757 2263 822 2338 mel,
835 2274 862 2320 et
874 2283 1044 2322 amatorem
1057 2287 1158 2346 oqua-

61 2355 213 2412 rumeins
231 2355 264 2409 in
290 2349 479 2408 dulcedinem
500 2363 530 2409 et
547 2352 740 2410 suavitatem.
781 2347 891 2408 Verum
922 2349 1046 2429 propius
1066 2349 1158 2409 hosce

61 2433 226 2498 Theodosii
252 2457 355 2495 versus
377 2436 509 2495 illustret
533 2436 682 2494 Cedo-enus
700 2435 774 2493 Hist.
798 2433 901 2514 Comp.
924 2453 990 2514 png,
1010 2435 1083 2501 422.
1104 2434 1159 2493 ubi

1 2539 2 2542 ’
62 2523 102 2583 de
135 2519 235 2600 impiis
260 2519 433 2580 Moometbis
460 2520 647 2600 dogmatibus
675 2519 820 2578 disserens
848 2518 967 2598 inquit:
1002 2516 1095 2582 Εἶναι
1124 2517 1157 2582 δὲ

1 2613 2 2628 ³
61 2613 145 2689 τρεῖς
157 2605 357 2686 παραδείσους
370 2606 401 2668 ἐν
414 2610 458 2690 τῷ
470 2607 639 2690 παραδείσῳ
653 2609 797 2686 φλυαρεῖ,
821 2600 873 2665 ἕνα
885 2602 1017 2682 μέλιτος,
1038 2605 1089 2668 καί
1103 2605 1160 2668 ire·
1175 2617 1233 2673 col.
1251 2621 1270 2676 2

62 2687 305 2776 queritantes,
327 2690 378 2753 καί
399 2690 497 2771 ἕτερον
512 2693 607 2753 olroo.
650 2692 811 2748 Praeterea
825 2699 979 2767 nugatur,
1000 2692 1032 2746 tn
1053 2693 1160 2750 Para-

1 2831 2 2834 ,
62 2777 133 2836 diso
157 2788 217 2834 tres
239 2799 298 2834 esse
318 2775 506 2854 Ραναιίιάοο,
537 2795 634 2834 areum
658 2775 773 2852 mellis,
805 2773 934 2832 alterum
956 2774 1065 2852 lactis,
1092 2778 1160 2837 vini

60 2865 198 2923 tertiam.

151 2951 220 3016 126.
243 2940 402 3018 Μετασταίς
415 2948 470 3006 τοῦ
484 2938 618 3022 σκότους]
642 2943 674 3002 ln
685 2941 878 3002 tenebricosis
888 2941 964 3002 locis
978 2943 1087 3024 impios
1102 2944 1156 3004 de—

12 3031 15 3046 '
59 3033 155 3094 tineri
170 3031 291 3111 scripsit
304 3028 469 3104 noanon,
492 3030 543 3088 ubi
560 3037 647 3088 vento
665 3038 771 3087 uterne
793 3030 982 3106 serventeque
1004 3047 1079 3108 equo
1101 3049 1157 3088 ex-

1 3179 2 3182 ,
63 3118 253 3178 crucientur:
283 3115 325 3172 its
351 3115 428 3174 enim
454 3116 486 3172 in
506 3115 653 3172 Alcorcno
676 3116 743 3171 Sur.
767 3111 839 3173 tvl.
858 3132 943 3174 num.
965 3111 1017 3177 44.
1037 3113 1155 3192 inquit:

1 3257 2 3264 ,
62 3203 102 3264 In
118 3215 202 3262 uento
218 3211 319 3260 urente
341 3211 368 3258 et
390 3220 474 3278 aqua
485 3201 623 3275 fervente
640 3197 855 3274 morabuntur,
877 3207 906 3255 et
927 3197 1036 3256 umbra
1056 3208 1084 3254 et
1101 3199 1156 3275 fte-
1187 3213 1188 3218 ’

63 3309 114 3346 mo
131 3290 302 3367 nigerrimo.
345 3283 449 3365 [toroge
466 3287 520 3346 essi
538 3277 660 3356 σπίνους
675 3279 841 3366 τιμωρίαν]

1 3421 2 3452 ρ
153 3375 222 3437 133.
247 3368 306 3444 Toto
319 3367 406 3444 idolo
418 3363 618 3450 προμηνίαν]
641 3370 750 3427 Eodem
764 3375 865 3426 storrst
876 3364 1065 3446 'lbeopbenis
1079 3367 1156 3426 Con.

1 3473 2 3509 i
64 3455 201 3516 tinuatur
227 3477 392 3534 ononymos
418 3455 451 3512 in
473 3455 739 3512 ii0111.lun.n.X.
763 3459 829 3532 pag.
853 3455 924 3517 297.
942 3452 985 3510 ita
1004 3451 1156 3514 scribones

1 3550 2 3607 1
57 3537 254 3620 ’Ἐμπροσθεν
278 3538 309 3601 δὲ
332 3539 350 3602 l
372 3535 491 3613 συνετός
509 3533 717 3619 ’ταχυᾶρόμους
736 3536 841 3618 γαίέας
857 3530 1044 3612 inocentiae,
1066 3559 1156 3600 κατα·

1 3649 2 3689 t
66 3629 217 3704 σκοπῆσαι
236 3622 285 3686 καὶ
307 3630 451 3705 κρατῆσαι
478 3627 614 3707 γλῶσσαν
632 3621 819 3705 προσέταξεν.
860 3622 969 3681 Μέσοίο
986 3623 1092 3701 itaque
1105 3625 1156 3681 vir

59 3709 200 3791 prudens
214 3730 252 3766 oc
266 3721 370 3785 catus,
398 3731 476 3790 quae
496 3710 589 3768 classi
609 3711 779 3790 praeirent,
809 3707 953 3768 celeribus
967 3707 1085 3787 galeis,
1106 3727 1156 3767 ex-

1 3807 2 3864 }
62 3797 187 3876 plorare
208 3798 316 3870 iussit,
338 3815 374 3852 ac
389 3795 549 3876 indigenas
564 3797 622 3853 loci
643 3813 801 3874 rerumque
812 3791 926 3852 indices
938 3801 1072 3873 captare.

155 3884 225 3947 189.
247 3877 388 3959 Σταθείς]
410 3881 547 3940 narseum
567 3879 625 3940 boc
641 3881 765 3941 verbum
780 3878 875 3939 edidit
888 3876 1058 3958 Cornelius,
1080 3895 1157 3957 quo·

1 3990 2 4052 ρ
65 3965 146 4027 niem
175 3967 209 4024 in
233 3964 342 4024 Codice
364 3965 401 4022 ob
425 3963 544 4026 chartea
573 3967 683 4028 vitium
703 3965 902 4048 primnesiae
925 3964 1041 4024 litterae
1062 3965 1156 4022 terme

1 4067 3 4127 ς
66 4051 188 4110 omnino
205 4049 408 4112 deletsssunt.

1 4129 2 4152 ³
152 4137 222 4202 142.
244 4129 361 4215 Κενᾶς]
384 4135 562 4196 Littemrum
574 4135 698 4218 vestigio
716 4133 815 4196 adbuc
829 4133 863 4194 in
874 4131 931 4195 tts.
945 4131 1089 4193 exstantis
1104 4129 1155 4190 di-

1 4265 2 4277 .
66 4219 195 4299 ligenter
213 4221 402 4282 considerans
422 4220 465 4280 ite
484 4221 640 4301 legendum
658 4221 718 4284 boc
736 4219 862 4286 verbum
880 4218 998 4296 censui,
1025 4215 1107 4298 quod
1120 4215 1154 4274 in

67 4303 200 4368 Coroebi
214 4305 549 4370 editionedesiderotur.
