2786 4620
4 327 5 376 l

3 399 5 438 l

3 501 5 520 t

3 548 4 585 i

352 261 410 328 AD
428 261 712 334 NICEPHORUM
731 200 924 336 Pflocim.
1103 259 1179 342 365

3 449 4 494 3
93 435 124 486 to
143 423 254 486 sciunt·
275 419 383 500 gaudet
404 430 434 480 et
451 421 631 482 silicernium
653 443 687 482 ee
707 423 764 482 sibi
785 423 896 505 optari,
918 442 992 504 quse
1009 443 1065 484 uec
1084 426 1176 491 Deum

91 529 207 603 facere,
228 544 285 586 uec
296 521 352 582 tibi
366 517 412 606 22)
428 520 582 602 prodesse,
602 524 653 584 sed
667 524 782 603 obesse,
804 525 892 586 etiam
906 529 931 586 si
945 528 1063 604 feceret,
1080 533 1175 590 novit.

92 630 184 704 Quod
200 647 306 708 quaeso
320 625 520 704 Nicephorum
531 625 657 703 gaudere
671 627 753 706 pacis
766 672 773 692 .
788 671 795 686 .
811 670 819 693 .
834 672 843 696 ,
857 673 865 692 .
880 673 888 695 ,
911 629 1012 707 illum,
1037 639 1067 689 et
1081 631 1176 711 phos-

3 799 4 808 ,
90 730 224 810 phorum
240 727 418 786 clamabant.
460 728 664 806 impotentem,
689 729 821 810 virilem,
843 731 976 806 stultum,
998 732 1178 812 sapientem

3 827 4 840 ³
91 833 230 908 brevem,
258 849 417 907 maguum,
445 829 581 908 nigrum,
609 831 722 908 album,
749 841 951 911 peccatorem,
973 843 1106 892 sanctum
1127 835 1178 893 di-

91 954 176 1010 cere,
197 931 272 992 mihi
286 931 418 1006 credite,
439 951 500 990 uon
515 932 596 1008 laus,
618 933 670 992 sed
685 935 864 994 contumelia
877 945 928 996 est.
969 935 1008 1000 Et
1022 937 1072 1015 qui
1083 938 1177 996 aliena

3 1083 4 1096 ,
92 1035 188 1112 magis
207 1033 315 1111 gaudet
335 1031 391 1091 sibi
410 1031 583 1105 acclamari,
605 1052 693 1111 quam
712 1036 850 1116 propria,
872 1036 975 1123 avibus
995 1039 1114 1098 ommno
1129 1049 1202 1104 cett)

95 1134 217 1210 similis,
237 1153 360 1213 quarum
378 1133 521 1192 intuitum
538 1153 600 1192 nox
623 1135 788 1214 illuminat,
817 1139 878 1198 dies
898 1148 1009 1204 coecat.
1051 1141 1110 1201 Sed
1127 1161 1179 1202 re-

95 1239 217 1300 deamus
232 1235 353 1295 adrem.
396 1233 460 1292 Hac
475 1234 508 1292 in
528 1253 635 1312 coena,
662 1238 741 1316 quod
762 1239 845 1318 prius
867 1259 929 1298 nou
949 1241 1073 1319 iecerat,
1101 1263 1178 1304 roos

93 1333 239 1420 latinam)
247 1337 327 1396 Beati
334 1335 451 1396 loannis
460 1334 662 1414 chrysostomi
671 1337 1080 1420 homilisminhpostolorum
1087 1345 1178 1406 Acii-

93 1441 151 1500 hus
171 1440 268 1516 legere
285 1437 377 1498 iussit,
420 1437 491 1496 Post
514 1437 597 1498 euius
617 1439 754 1500 lectionis
775 1442 953 1519 terminum,
975 1465 1044 1506 cum
1061 1447 1100 1506 ad
1122 1467 1178 1510 vos

94 1541 241 1602 redeundi
261 1538 413 1598 licentiam
437 1558 624 1617 quaererem,
648 1542 745 1621 capite
766 1543 854 1602 seito
875 1545 1024 1606 iacturum
1040 1546 1178 1626 innuens,

93 1642 188 1724 recipi
202 1661 250 1701 me
263 1641 301 1699 ad
317 1641 454 1700 concives
475 1650 504 1699 et
524 1641 738 1703 cohabitatores
756 1663 835 1704 meos
857 1645 974 1722 leones,
995 1650 1179 1727 persecutori

93 1764 159 1803 mco
179 1742 299 1805 indixit.
344 1742 431 1816 Quod
448 1763 515 1802 cum
534 1743 635 1820 fieret,
657 1765 720 1804 non
734 1745 848 1806 sumsb
870 1766 903 1807 eo
925 1749 1008 1814 visus
1029 1769 1122 1829 usque
1143 1751 1178 1810 in

93 1844 377 1906 tertiumdecimum
391 1846 512 1906 Kalend.
530 1845 669 1924 Augusti,
695 1847 747 1906 sed
763 1846 918 1925 diligenter
937 1850 1116 1928 custoditus,
1138 1871 1178 1911 ne

95 1947 259 2026 cuiuspiam
281 1946 395 2008 fruerer
415 1966 561 2021 sermone,
584 1947 635 2024 qui
656 1967 723 2006 suos
739 1947 813 2008 mihi
830 1959 913 2012 actus
927 1950 1083 2014 indicaret.
1123 1952 1178 2012 In-

93 2057 175 2108 terea
193 2048 393 2108 Grimizouem
411 2049 560 2110 hdelberti
574 2049 719 2108 nuncium
736 2068 766 2109 se
783 2050 864 2112 adiro
879 2052 981 2127 iussit,
1003 2073 1090 2130 quem
1110 2072 1179 2112 cum

94 2149 196 2210 navali
207 2169 261 2208 suo
281 2149 416 2208 exercitu
427 2149 524 2210 redire
540 2150 696 2230 praecepit.
737 2149 871 2212 Fuerunt
896 2153 1049 2216 chelandia
1069 2153 1206 2231 vigintilt

97 2259 243 2331 quatuor,
263 2252 424 2312 Russorum
441 2271 531 2312 narce
545 2251 637 2328 duae,
661 2249 791 2312 Gallicae
813 2253 903 2318 duaea
925 2253 952 2312 si
969 2255 1039 2332 plus
1053 2254 1174 2331 miserit,

95 2374 170 2433 quse
186 2373 249 2412 non
263 2353 397 2430 viderim,
418 2353 526 2414 nescio.
569 2354 761 2426 vestrorum,
781 2354 901 2414 Domini
914 2355 970 2414 mei
983 2354 1178 2434 Imperatores

93 2459 238 2537 Augusti,
257 2457 387 2518 mitimm
411 2455 556 2514 fortitudo
580 2474 643 2512 non
668 2463 748 2530 eget,
772 2463 807 2514 ut
827 2455 1060 2518 adversariorum
1079 2456 1179 2536 impo-

92 2559 186 2620 tentia
200 2560 356 2620 animetur.
400 2555 532 2629 Quodis
545 2555 689 2634 hissaepe
703 2565 858 2636 expertum
874 2568 918 2618 est
932 2556 1084 2636 gentibus,
1106 2576 1178 2636 qua-

92 2679 162 2721 rum
177 2661 263 2720 mens
275 2658 385 2736 ultimi,
410 2667 438 2718 et
452 2667 634 2718 caeterorum
645 2657 873 2736 comparatione,
894 2657 1071 2738 impotentes
1086 2659 1179 2720 Grae-

1 2801 2 2806 κ
94 2780 162 2820 cam
183 2761 388 2821 fortitudinem
404 2767 588 2835 straverunt,
609 2757 795 2818 tributariam
812 2758 955 2820 fecerunt.
998 2761 1180 2824 sicutenim

93 2881 150 2924 vos
178 2883 239 2922 non
261 2871 419 2938 terrerem,
447 2862 474 2920 si
493 2859 668 2921 fortissimos
687 2859 755 2918 illos
780 2868 810 2919 et
828 2860 998 2920 Mmandro
1024 2861 1178 2922 Macedoni
1195 2863 1285 2920 cote

93 2963 205 3024 sImiles
218 2963 436 3043 praedicerem
456 2962 500 3021 sio
512 2971 542 3022 ct
554 2981 607 3022 vos
619 2961 745 3038 instigo,
766 2975 834 3020 cum
847 2961 1052 3042 impotentiam
1065 2981 1178 3041 eorum,

94 3083 170 3144 ques
192 3085 263 3126 vera
284 3074 347 3142 est,
374 3085 472 3126 narro.
526 3061 601 3121 Mihi
622 3061 747 3120 credatis
765 3061 873 3134 velim,
902 3072 933 3120 et
961 3061 1084 3120 credetis
1106 3063 1177 3141 scio,

94 3184 213 3224 omnem
220 3168 317 3244 ipsum
327 3165 501 3240 exercitum,
518 3163 738 3242 quadringentis
745 3160 792 3236 24)
804 3162 919 3239 vestris,
937 3163 1052 3246 sissossa
1063 3163 1179 3224 murive

94 3285 157 3326 non
171 3268 344 3346 impediant,
361 3287 446 3347 posse
455 3266 590 3326 occidere
597 3263 651 3338 2ὅ),
670 3262 719 3321 oui
736 3263 887 3339 exercitui,
902 3272 1031 3343 utputo,
1050 3265 1088 3323 ad
1103 3285 1179 3324 oon·
1258 3295 1265 3304 ·

93 3369 247 3427 tremeliam
258 3379 397 3446 vestram,
411 3367 560 3428 hominem
569 3365 734 3445 quamdam,
748 3364 800 3424 sed
808 3365 963 3444 quomdam
974 3385 1007 3424 eo
1018 3364 1092 3440 dixi,
1108 3365 1178 3444 quia

93 3487 158 3528 mas
173 3489 235 3528 esse
249 3468 352 3547 desiit,
373 3469 480 3530 mulier
493 3467 558 3528 fieri
569 3468 683 3547 nequit,
705 3465 885 3548 praeposuit.
917 3467 1093 3527 Adelhertus
1108 3477 1177 3527 octo

93 3553 189 3630 millia
211 3571 404 3631 loricatorum
425 3591 456 3631 se
476 3569 585 3629 habere
603 3567 770 3648 Nicephoro
790 3566 954 3644 mandavit,
975 3569 1080 3648 quibus
1110 3588 1177 3628 cum

92 3671 205 3749 Argivo
223 3670 452 3732 adminiculante
476 3670 610 3730 exercitu
630 3689 684 3730 vos
712 3671 829 3748 fugare,
858 3679 909 3729 aut
935 3679 1064 3730 sternere
1086 3668 1177 3747 dicit,

91 3772 268 3850 rogavitque
282 3774 429 3832 aemulum
441 3781 572 3834 vestrum
592 3780 628 3829 ut
640 3771 767 3850 pecunia
780 3772 826 3830 illi
843 3771 1026 3848 mitteretur,
1048 3769 1118 3850 quia
1135 3769 1178 3828 il-

92 3873 138 3932 los
155 3872 273 3933 avidius
287 3875 327 3934 ed
340 3895 469 3955 pugnum
485 3874 645 3952 instigaret.
688 3873 746 3932 Sed
758 3893 854 3954 nunc,
871 3870 984 3936 domini
997 3870 1071 3948 mei,
1093 3868 1205 3931 acci-B

125 4055 176 4124 22)
200 4055 272 4108 Fort.
296 4057 353 4110 sili.
379 4058 460 4111 Mur.
539 4056 846 4125 continuissemus,
870 4073 902 4108 ex
925 4073 975 4125 quo
999 4053 1100 4120 corrigo
1118 4065 1180 4102 ooee

160 4124 336 4249 gaif'fflzax'
404 4123 452 4194 24)
469 4125 540 4179 Fort
558 4143 576 4179 α
591 4126 787 4196 quadringentis
803 4127 903 4212 ceptris
920 4126 951 4178 Μ
955 4140 999 4177 or.
1067 4119 1116 4187 25)
1136 4135 1178 4172 oe-
