2786 4620
300 346 303 356 .
343 302 403 371 sn
423 301 709 374 nrcnenosnn
729 303 921 374 enocsn.
1070 261 1175 372 ¹ese

84 487 139 548 per
158 474 313 548 patmtes,
334 472 445 543 quanto
473 461 547 524 hine
572 463 770 544 potentiores,
795 476 911 546 semper
930 463 1032 542 mites,
1060 476 1175 546 quanto

85 568 158 628 lrinc
179 567 334 627 mitiores?
367 585 483 646 semper
506 565 672 628 virtutibus
697 569 796 649 pleni,
825 576 939 650 quanto
959 565 1033 628 hine
1057 569 1175 648 plenio-

84 670 153 731 resi
183 669 326 730 sedebant
352 667 391 728 ad
422 669 587 748 sinistram,
607 691 671 730 non
699 668 732 730 in
761 670 862 730 eadem
884 669 981 745 linea,
1008 671 1061 730 sed
1088 671 1176 750 longe

85 772 226 832 deorsum
247 771 309 832 duo
327 769 448 852 parvuli
464 772 677 852 Imperatores,
699 771 925 851 eins‘quondam
941 771 1072 851 domini,
1092 791 1176 833 nunc

5 938 8 949 ‚
86 872 225 948 ssabieeti,
241 872 326 933 cuius
342 872 524 934 narrationis
536 872 656 932 initium
675 872 734 934 hoe
754 874 827 934 fuit:
849 873 1064 948 moneremus,
1084 877 1175 938 immo

5 1002 8 1058 ς
85 975 277 1035 volueramus
298 985 331 1035 te
348 974 487 1054 benigne,
509 971 720 1054 magnificeque
740 977 906 1058 suscipere,
927 975 979 1036 sed
1003 977 1115 1037 domini
1130 980 1177 1057 tui

86 1077 224 1158 impietus
243 1095 306 1136 non
326 1076 491 1157 permittit,
513 1075 647 1155 quitum
666 1075 788 1136 inimica
807 1077 961 1138 invasione
975 1079 1099 1138 Romam
1118 1080 1176 1138 sibi

86 1177 271 1254 vindicavit,
299 1161 493 1259 Bercngario,
514 1187 544 1236 et
570 1177 730 1240 Adelberto
752 1188 859 1239 contre
884 1177 932 1238 ius
953 1179 1057 1261 fasque
1080 1181 1202 1242 vitame

86 1280 229 1356 abstulit,
256 1283 458 1342 Romanorum
485 1279 559 1338 alios
584 1279 701 1358 gladio,
731 1280 805 1340 alios
829 1281 991 1360 suspendio
1014 1283 1176 1360 interemit,

1 1431 2 1454 2
86 1383 182 1443 oeulis
202 1383 277 1443 alios
291 1383 438 1464 privavit,
461 1381 552 1442 exilio
573 1381 646 1441 alios
660 1381 818 1459 relegavit,
839 1391 870 1442 et
881 1382 1001 1462 imperii
1014 1384 1113 1443 nostri
1126 1385 1177 1444 in·

86 1505 177 1566 snper
199 1485 336 1548 civitates
356 1485 537 1560 homicidio,
566 1493 620 1543 aut
640 1483 779 1543 incendio
806 1482 864 1544 sibi
886 1483 1014 1544 subdere
1033 1486 1176 1546 tentavit:

1 1651 2 1658 χ
87 1598 119 1648 et
139 1589 210 1668 qnia
231 1587 355 1648 effectus
376 1587 438 1648 eius
459 1605 573 1668 pravus
591 1585 730 1646 effectum
748 1585 857 1647 habere
876 1607 938 1646 non
958 1585 1075 1668 potuit,
1095 1607 1176 1648 nnnc

84 1701 116 1750 te
135 1691 267 1752 malitiae
278 1689 367 1750 huius
385 1699 584 1769 suggestorem
604 1699 695 1769 atque
713 1688 921 1770 impulsorem,
942 1688 1080 1748 simulata
1091 1708 1174 1769 pace,

87 1792 173 1871 quasi
190 1789 326 1856 ἄσκοπον
340 1789 367 1872 ⁰)
377 1837 387 1868 ,
408 1791 441 1852 id
460 1801 506 1852 est
526 1793 745 1872 exploratorem
765 1791 804 1852 ed
819 1811 876 1852 nos
890 1791 1017 1858 direxit.
1053 1793 1108 1852 eui
1125 1792 1175 1850 in-

86 1913 173 1972 quam
191 1913 261 1972 ego:
281 1895 445 1954 Romanam
463 1893 614 1954 civitatem
634 1893 778 1954 Dominus
795 1913 879 1954 mens
897 1913 959 1953 non
983 1893 1033 1973 vi,
1054 1904 1107 1954 ant
1123 1903 1176 1974 ty·

84 1995 208 2055 ranniee
224 1995 352 2072 invasit,
374 1997 427 2057 sed
442 2017 459 2056 a
473 1995 612 2077 tyranni,
633 1995 725 2055 immo
737 2004 932 2076 tyrannorum
945 1995 1014 2074 iugo
1027 1997 1175 2056 liberavit.

84 2096 195 2164 Nonne
221 2096 399 2158 effoeminati
426 2096 652 2158 dominabuntur
683 2097 769 2158 einai
797 2107 828 2159 et
850 2096 932 2178 qnod
954 2097 1087 2176 gravius,
1113 2097 1175 2158 sive

1 2193 2 2266 i
87 2197 228 2278 turpius,
250 2219 347 2261 nonne
364 2199 553 2265 meretrices?
581 2199 766 2276 Dormiebat,
786 2207 931 2278 utputo,
951 2207 1026 2258 tunc
1044 2209 1204 2281 potestast)

1 2287 2 2298 ¹
87 2311 160 2377 tna,
180 2299 272 2362 immo
293 2303 479 2379 decessorum
496 2312 632 2380 tuomm,
655 2303 707 2382 qni
719 2299 933 2376 nomineeolo,
954 2321 1016 2360 non
1030 2312 1127 2361 antem
1141 2321 1174 2361 re

84 2402 153 2484 ipsa
171 2382 586 2484 imperatoresltomanorum
602 2412 764 2465 vocentur.
806 2401 839 2462 Si
853 2411 1004 2483 potentes,
1025 2402 1053 2462 si
1070 2402 1177 2484 Impe-

84 2515 200 2566 ratores
216 2507 418 2568 ltonnnornm
435 2517 535 2584 erant,
557 2525 614 2568 cur
632 2506 755 2566 Romam
774 2504 809 2564 in
828 2504 1017 2565 meretricum
1032 2513 1177 2585 potestate

86 2609 246 2670 sinebant?
266 2611 372 2672 Nonne
385 2610 645 2670 Sanctissimorum
657 2609 805 2689 Paparnm
819 2607 870 2676 alii
884 2617 956 2668 eunt
966 2607 1103 2686 relegati,
1125 2605 1177 2667 elii

87 2735 106 2771 a
126 2721 159 2772 te
179 2713 304 2791 afflicti,
324 2723 359 2775 ut
376 2733 475 2793 neque
493 2709 686 2794 quotidianos
708 2719 858 2790 sumptus,
881 2729 938 2770 nec
960 2710 1177 2789 elemosynam

85 2814 196 2874 hebere
208 2815 351 2896 quirent?
372 2832 474 2876 nonne
485 2813 660 2874 edelbertus
674 2812 903 2872 contumeliosas
915 2811 1017 2872 literas
1029 2813 1175 2888 Romano,

85 2926 117 2978 et
136 2917 331 2976 Constantino
362 2916 565 2978 decessoribus
590 2916 650 2976 tuis
670 2914 917 2996 Imperatoribns,
945 2914 1040 2974 misit:
1075 2931 1177 2973 nonne
1194 2909 1224 2960 P·
1241 2907 1293 2964 48⁰

86 3017 348 3080 sanctissimorum
367 3017 579 3099 Apostolorum
596 3018 744 3078 Ecclesiae
765 3017 878 3098 rapinis
904 3012 1083 3094 expoliavit:
1110 3013 1177 3092 quis
1194 2977 1252 3032 ‘¹⁰¹'
1272 2981 1296 3034 ¹¹

86 3139 125 3179 ex
146 3118 234 3181 vobis
251 3119 492 3201 Inperatoribus·
508 3121 573 3179 nelo
591 3120 647 3179 Dei
670 3119 779 3180 ductus
801 3129 862 3178 tam
881 3117 1037 3195 indignum
1060 3114 1176 3176 iacinns

84 3221 256 3299 vindicare,
278 3230 308 3282 et
323 3223 461 3282 Sanctam
477 3223 640 3284 Ecclesiam
657 3221 692 3280 in
707 3230 819 3282 statum
839 3219 997 3301 proprium
1015 3219 1176 3279 reformare

86 3324 228 3386 curarit?
249 3324 420 3402 neglexistis
433 3345 506 3401 voe,
528 3345 591 3384 non
607 3324 740 3404 neglnt
757 3323 901 3386 Dominus
915 3341 1015 3398 mens,
1037 3319 1089 3400 qui
1103 3340 1121 3378 a
1135 3319 1176 3378 ii·

86 3427 176 3490 nibus
200 3435 297 3488 temus
319 3447 461 3506 surgens,
489 3428 673 3506 Romamque
697 3426 820 3486 veniens
839 3426 949 3506 impios
976 3423 1116 3501 abstulit,
1145 3432 1176 3484 et

84 3533 267 3591 Sanctorum
284 3528 498 3609 Apostolorum
516 3528 645 3590 Vicariis
656 3537 833 3608 potestatem
854 3537 885 3588 et
899 3528 1044 3588 honorem
1059 3545 1177 3594 omnem

85 3630 278 3694 contradidit.
319 3630 512 3693 Postmodum
525 3651 595 3692 vero
608 3631 794 3710 insurgentes
810 3641 915 3692 contra
926 3650 967 3704 se,
981 3639 1011 3690 et
1018 3629 1176 3688 Dominum

84 3735 311 3818 Apostolioum,
337 3734 421 3812 quasi
436 3733 632 3796 iurisiurandi
653 3733 812 3795 violatores
833 3731 1008 3812 sacrilegos,
1030 3729 1176 3790 Domino-

84 3859 153 3900 ram
179 3855 302 3899 enorum
324 3833 566 3916 Apostolicorum
588 3843 735 3913 tortores,
748 3843 912 3914 raptores,
934 3831 1099 3894 meandum
1122 3829 1177 3889 de-

85 3949 168 4001 creta
186 3939 403 4021 Imperatorum
417 3939 618 3999 Romanorum
631 3936 803 4014 Iustiniani,
816 3934 1028 4012 Valentiniani,
1038 3931 1206 3994 'flendo-B

86 4042 139 4117 sii,
161 4051 193 4101 et
212 4049 398 4102 caeterorum
420 4040 546 4115 cecidit,
568 4041 727 4119 iugulavit,
749 4037 922 4118 suspendit,
944 4047 973 4098 et
993 4033 1083 4098 exilio
1101 4032 1181 4092 rele-

85 4141 183 4222 gavit:
205 4162 282 4222 quae
295 4142 397 4203 sinon
410 4142 537 4222 socon,
558 4143 684 4226 impius,
706 4142 849 4220 iniustus,
873 4139 1011 4216 crudelis,
1031 4146 1192 4220 tyrannus·

118 4291 151 4360 9)
172 4292 246 4347 Fert.
263 4291 447 4351 κατάσκοπον.
476 4289 551 4347 Coss.
