2808 4618
264 288 337 363 194
523 293 587 363 DE
606 293 906 364 VELITATIONE
924 293 1108 364 BELLICA

259 464 358 552 ρίσκη,
374 458 425 526 κοιλ
437 453 573 544 μάλιστα
586 459 618 524 ἓν
633 464 729 547 καιρῷ
745 457 869 546 θέρους,
885 456 999 535 ἀσκούς
1013 452 1177 544 διορισοίτω
1190 455 1222 522 ἓν
1233 450 1355 546 ἓιιοίστῃ

259 565 477 653 ίκατονταρχίρ
492 563 565 628 δέκα
578 563 787 650 ἐπιφέρεσθαι,
805 564 856 626 κοιλ
870 562 906 627 δι’
924 561 1025 627 αὐτῶν
1037 560 1073 626 τδ
1088 559 1172 646 ὕδωρ
1182 562 1354 642 ἐπικομιζο-

260 675 357 748 σθαι,
385 669 435 732 καί
456 667 488 731 έν
508 663 576 755 ὥρη
597 671 652 750 τῆς
665 662 768 748 μάχης
782 667 823 740 είς
837 662 925 730 πόσιν
938 667 988 729 καί
1001 663 1165 748 ἀναψυχήν
1179 674 1243 740 τοῖς
1257 665 1290 727 ἓν
1303 669 1354 752 τῷ

259 771 381 858 πολέμῳ
395 769 620 855 ἀγωνιζομένοις
633 770 887 854 ἐπιχορηγεῖσθαι.
916 766 994 832 ἀλλὰ
1008 769 1074 855 περὶ
1086 768 1142 850 μὲν
1159 772 1222 832 τῶν
1237 768 1270 832 έν
1283 775 1354 842 τοῖς
1395 846 1399 861 .

259 870 430 956 στενιύμασι
449 869 622 954 μελλόντων
641 869 862 956 πρδςπόλεμον
884 867 1085 956 ἐξαρτύεσθαι
1091 919 1103 952 ,
1132 870 1241 944 ίκανῶς
1263 866 1379 955 cipri-5

260 983 341 1042 σθω.
376 977 402 1040 εἰ
420 975 454 1039 δέ
479 977 529 1040 καὶ
552 971 775 1056 νυκτοπόλεμον
802 969 900 1057 δεήσει
920 974 952 1037 ἒν
971 983 1039 1048 ταῖς
1052 970 1208 1048 τοιαύταις
1226 973 1352 1054 δυσχω-

259 1080 339 1166 ρίαις
350 1077 510 1162 γενέσθαι,
534 1080 584 1142 καλ
601 1073 786 1143 τοῦτοπάνυ
803 1075 964 1162 ὠφέλιμον.
993 1075 1071 1140 ἀλλὰ
1085 1077 1150 1163 περί
1160 1076 1217 1158 μέν
1229 1069 1352 1140 τούτων

258 1183 290 1247 ἓν
304 1179 392 1273 ἑτέρη
406 1176 539 1268 διηγήσει
554 1176 693 1264 δηλώσω.
730 1185 786 1262 τής
800 1179 834 1243 δέ
848 1181 1050 1265 παραδρομῆς
1066 1177 1197 1265 ἄρξομαι
1211 1176 1268 1260 τὴν
1284 1179 1352 1242 εἰσ-

100 1289 151 1346 ru.
164 1292 217 1350 378
230 1280 384 1370 πήγησιν·
416 1282 483 1368 ήτις
507 1283 663 1370 έπωφιλής
688 1283 738 1345 καλ
760 1279 909 1365 ἀναγκαία
937 1279 1146 1366 τυγχάνουσα,
1174 1279 1230 1356 δι’1
1246 1279 1351 1365 ὀλίγον

231 1389 311 1452 Βκαί
322 1386 532 1473 εῦαριθμήτου
545 1392 622 1452 λαοῦ
636 1383 734 1451 πολλοὶ
748 1390 810 1448 τῶν
819 1384 977 1465 ’πολεμίων
991 1381 1097 1467 πλήθη
1113 1384 1274 1468 ἀπρακτεῖν
1286 1401 1400 1452 rra-'10‘

260 1487 435 1577 ρασκευιίζει
441 1539 453 1572 ,
483 1493 563 1556 Θεοῦ
586 1490 622 1554 δὲ
633 1483 729 1554 νοήσει
744 1483 786 1564 οῦς
799 1485 838 1551 cri
852 1485 952 1552 πολλὰ
968 1489 1018 1552 καί
1030 1488 1269 1571 καταγωνίζεται.

260 1657 345 1711 ΚΕΦ.
363 1649 396 1714 ε’.
429 1652 500 1724 Περί
511 1652 691 1723 παραδρομῆς
703 1652 759 1706 ταῖν
771 1647 982 1720 μονοκούρσοιν,
1004 1649 1052 1708 καλ
1069 1650 1223 1721 στοχασμοῦ
1235 1649 1285 1721 τῆς
1294 1647 1352 1703 τοῦ

625 1741 697 1794 λαοῦ
709 1735 804 1794 αύτιῦν
819 1736 982 1810 ποσότητος.

115 1884 255 1936 nomm
336 1850 387 1916 Τὰ
407 1856 469 1916 τῶν
490 1849 642 1933 πολεμίων
661 1855 777 1936 κοῦρσα
790 1849 830 1914 τὰ
850 1847 992 1935 λεγόμενα
1007 1843 1201 1935 μονύκουρσα
1217 1845 1276 1912 tut
1293 1851 1352 1930 τῆς

133 1953 136 1968 '
161 1955 226 2018 ΨΜ·
260 1953 340 2030 ίδίας
355 1948 461 2040 χώρας
481 1949 676 2039 έξερχύμενα,
705 1955 800 2031 πεζῶν
821 1950 902 2032 ίίνευ,
931 1951 1004 2028 ίθος
1025 1950 1128 2026 αύτοΐς
1152 1953 1271 2035 σπουδῇ
1293 1949 1351 2033 τήν

231 2057 383 2143 (λπορείαν
407 2063 582 2136 ποιεῖσθαι,
611 2057 662 2120 καὶ
684 2059 831 2139 μηδαμοῦ
854 2051 1079 2139 ἇπληκεύοντας
1094 2053 1147 2138 τήν
1166 2050 1239 2137 ῦλην
1253 2049 1349 2117 νύκτα

259 2157 461 2244 διαβιβάζειν·
488 2156 567 2224 ἀλλὰ
588 2158 665 2244 πρὸς
684 2159 793 2246 μικρὸν
814 2157 888 2234 τοδς
904 2160 1016 2235 ἵππους
1031 2153 1242 2236 διαναπαύειν,
1270 2155 1348 2242 πρὸς
1358 2170 1390 2224 15

258 2262 295 2329 τδ
320 2263 377 2339 τὰς
397 2259 492 2348 ταγίις
513 2263 564 2326 καί
586 2259 682 2343 μόνον
703 2259 823 2336 τούτοις
845 2259 1022 2327 ἀποδοῦναι.
1059 2258 1101 2338 ὥς
1117 2262 1225 2325 ἐπίπαν
1236 2257 1295 2344 γὰρ
1308 2257 1348 2324 τὰ

258 2361 453 2452 μονύκουρσα
472 2363 544 2448 μετ’
560 2362 718 2448 ῦλιγοστοῦ
734 2366 784 2428 καί
798 2365 936 2428 έκλεκτοῦ
951 2368 1027 2430 λαοῦ
1044 2364 1099 2448 τήν
1120 2365 1264 2440 έξέλευσιν
1278 2388 1348 2428 ποι-

259 2475 374 2534 οῦνται.
406 2464 570 2534 σπεύδουσι
589 2468 622 2530 δὲ
643 2463 774 2549 τάχιστοι
799 2471 998 2549 καταλαβεῖν,
1027 2467 1059 2532 έν
1081 2463 1128 2542 οἷς
1144 2466 1268 2552 χωρίοις
1290 2463 1348 2549 τήν

260 2571 396 2634 ἐπίθεσιν
419 2571 470 2634 καί
491 2568 644 2655 ἐκδρομήν
663 2565 883 2652 ἐβουλεύσαντο
898 2575 1032 2654 ποιήσαι.
1066 2575 1124 2635 τοῦ
1146 2561 1347 2654 οῦνστρατη-

259 2677 315 2757 γοῦ
335 2668 420 2758 παριί
439 2695 471 2738 τε
485 2677 547 2736 τῶν
568 2675 800 2758 καμινοβιγλίων
814 2673 864 2736 καὶ
879 2678 941 2738 τῶν
957 2669 1148 2760 βιγλατύρων
1161 2671 1216 2755 τήν
1229 2667 1389 2736 τούτωνῦ]

259 2775 406 2852 ίξέλευσιν
431 2771 722 2857 ἀναμανθάνοντος,
750 2778 870 2861 σπουδή
896 2781 994 2863 πολλῇ
1022 2776 1062 2841 τὰ
1091 2777 1123 2840 ἓν
1148 2785 1217 2851 ταῖς
1240 2773 1349 2861 ῦκραις

259 2903 353 2957 militer
374 2901 493 2973 copiunt,
509 2901 608 2956 aestivo
628 2903 777 2972 praesertim
797 2909 929 2973 tempore,
951 2904 1039 2958 iubent
1057 2904 1084 2957 in
1101 2903 1214 2973 quolibet
1232 2902 1348 2956 centuria

258 2981 330 3026 utres
340 2990 397 3025 eree
413 2972 516 3036 decem,
533 2972 624 3040 quibus
636 2979 751 3054 portetur
764 2990 845 3042 nque,
863 2981 1027 3043 temporeque
1039 2991 1140 3044 pugnae
1152 2973 1184 3024 iis
1195 2973 1238 3042 qui
1250 2973 1278 3024 in
1292 2972 1349 3025 ecio

258 3049 408 3104 versantur,
426 3047 501 3110 potue
517 3040 698 3108 refrigerirque
713 3057 789 3094 causo
803 3041 979 3094 distribuatur.
1014 3041 1215 3104 vernoune,
1233 3057 1299 3122 quae
1318 3040 1346 3093 in

258 3111 383 3180 angustiis
395 3109 515 3163 constitui
527 3108 664 3161 dimicandi
678 3127 756 3161 cauea
769 3111 877 3174 debent,
895 3111 959 3163 haec
972 3111 1107 3163 sufficiant.
1141 3110 1216 3171 Quod
1232 3126 1253 3159 οι
1268 3108 1346 3162 etium

257 3192 336 3233 noctu
351 3179 378 3231 iu
394 3177 516 3232 eiusmodi
529 3177 592 3230 ionis
605 3177 733 3246 impeditio
747 3195 845 3231 menurn
861 3197 994 3231 conserere
1010 3182 1139 3249 oportent,
1158 3193 1189 3230 en
1202 3177 1259 3245 ipro
1270 3177 1348 3232 utilio

257 3249 391 3301 admodum
402 3265 459 3302 eree
472 3253 598 3316 poterunt.
633 3247 727 3298 Verum
739 3247 771 3300 de
786 3247 947 3301 dimicatione
960 3257 1083 3301 nocturna
1103 3262 1224 3315 exponam
1236 3245 1286 3298 aiio
1301 3263 1347 3300 co-

256 3319 320 3387 pite.
360 3317 437 3370 Nunc
474 3333 508 3367 un
523 3315 622 3367 ratione
646 3315 786 3368 consectari
805 3315 891 3370 hostes
914 3315 1021 3376 debere,
1047 3317 1133 3368 dicere
1152 3314 1254 3368 ordiurr
1296 3331 1347 3368 nee

256 3387 323 3438 rotio
335 3392 364 3437 ut
378 3402 442 3454 peru
454 3385 461 3398 ”
472 3386 494 3436 ie
508 3401 538 3436 uc
552 3385 696 3436 necessaria
710 3393 756 3448 est,
777 3385 814 3436 itu
826 3385 922 3450 efficit,
940 3391 969 3436 ut
984 3385 1089 3454 parvulo
1105 3382 1254 3451 infirmoque
1273 3400 1288 3435 o
1306 3383 1346 3436 ie-

259 3459 303 3504 oto
320 3471 394 3505 mnnu
413 3455 505 3520 ingens
520 3453 630 3504 huetium
649 3453 782 3504 multitudo
804 3471 853 3506 uon
872 3454 946 3505 modo
967 3453 1031 3506 nihii
1052 3451 1185 3523 proficiat,
1208 3452 1255 3505 sod
1268 3453 1345 3506 etiam

259 3521 405 3590 pleniorque
416 3521 466 3575 Dei
478 3520 579 3574 numine
589 3521 711 3573 fundetur
724 3521 886 3592 fugeturque.

258 3638 321 3691 Ger.
335 3641 376 3690 vl.
409 3641 446 3691 De
457 3641 616 3691 connectendo
630 3645 734 3704 equertri
752 3645 860 3706 agnino,
877 3642 940 3706 qnod
960 3642 1099 3706 praedatum
1116 3642 1240 3704 incurret,
1257 3648 1283 3693 et
1297 3657 1344 3708 quo

520 3715 592 3774 pecto
605 3721 726 3786 nnmerum
741 3715 840 3762 miiitum
859 3713 909 3762 einr
925 3713 985 3760 inire
996 3713 1079 3776 poesie.

325 3807 495 3864 Praedatorio
507 3809 610 3879 agmine
619 3810 743 3876 hortium,
761 3829 827 3882 queo
841 3828 991 3865 monocnree
1001 3817 1125 3863 vocentur
1137 3815 1165 3864 et
1184 3810 1281 3880 ubsque
1297 3830 1344 3883 pe-

257 3874 340 3928 ditatu
353 3895 369 3929 e
382 3879 435 3930 uuir
448 3880 541 3932 finibus
556 3888 703 3950 erumpunt,
719 3881 814 3936 itinere
832 3881 964 3934 confertim
984 3881 1053 3932 fecto
1070 3897 1192 3950 nusqmun
1212 3881 1346 3937 considere

256 3951 362 4014 totoque
374 3953 449 3999 nocte
462 3949 621 4001 continenter
632 3949 671 4003 ire
682 3959 880 4004 coruueveruutr
900 3949 1019 4002 iumentis
1046 3958 1132 4002 nutum
1144 3948 1267 4017 requietio
1281 3967 1345 4003 oon-

256 4013 389 4076 ootientin,
406 4023 526 4084 qnantum
537 4017 602 4070 sotir
612 4017 647 4071 rit
662 4019 694 4072 od
708 4019 826 4089 pabulum
839 4019 891 4071 illie
903 4019 1021 4072 dandum.
1055 4019 1122 4070 Nun
1138 4017 1237 4070 omnino
1254 4033 1344 4072 mono-

256 4095 334 4134 onrro
351 4099 406 4136 oum
424 4085 513 4152 poncio
533 4086 666 4140 admodum
685 4089 732 4141 oed
748 4088 855 4142 deiectio
875 4087 1004 4158 equitibus
1025 4087 1144 4140 existunt.
1178 4085 1345 4142 contendunt

255 4157 356 4214 tutem,
374 4159 402 4204 ut
420 4153 454 4205 ud
471 4155 556 4218 vicos,
580 4173 630 4224 quo
643 4157 832 4226 impressionem
849 4158 1021 4226 impetumque
1040 4156 1126 4208 fecere
1146 4153 1344 4222 constituerunt,

255 4217 336 4283 primo
347 4235 448 4290 quoqne
458 4227 573 4291 ampore
584 4227 744 4306 perveniant.
779 4225 853 4286 Dux,
873 4243 920 4294 per
931 4225 1062 4278 custodiae
1076 4225 1193 4276 itinerum
1208 4226 1343 4278 excubito-

255 4299 350 4354 ruque
363 4288 397 4342 de
407 4307 494 4344 eorum
504 4292 647 4361 irruptione
660 4294 756 4348 certior
769 4293 868 4358 neus,
882 4311 974 4364 mogun
994 4293 1126 4364 diligentie
1137 4293 1172 4348 od
1184 4292 1257 4348 vico·
1275 4293 1345 4349 limi-
