2788 4616
266 263 342 336 414
608 272 699 342 C..B
720 271 835 344 Htsu
853 273 1004 342 NOTAE

262 428 409 540 polemi*
390 447 447 498 odo
460 425 652 508 οίννδτὸτίξατ,
674 427 736 497 είτοι
747 455 799 496 noe
783 428 943 496 ἐκδικίαν
958 409 1141 514 altissodor
1152 427 1223 516 παρ’
1238 427 1348 514 α’τίτοῦ,

264 521 316 582 καί
330 517 449 600 τὴντοῦ
461 542 555 582 κακον
543 513 666 582 λύσιν.
697 512 798 599 Τούτῳ
810 514 991 581 καθεύδοντι
1002 517 1151 594 lotordc‘
1135 545 1151 584 o
1164 519 1252 622 μέγας
1262 517 1350 600 ἠπεί-

263 604 334 685 lqoe'
346 629 377 667 τε
391 605 556 712 ἐμβριθεῖς,
577 603 684 667 nol‘
644 627 699 683 της
715 602 811 684 ὁρμῆς
825 603 934 705 ἔστησε,
956 603 1006 666 καί
1019 601 1108 677 εἰς
1072 629 1130 684 την
1143 598 1273 710 Λούρνν
1287 604 1347 669 tnt-

263 696 349 754 λενσε
368 685 401 752 sd
421 693 600 794 παραχρῆμα
618 687 807 765 ἐπανελθεῖν,
826 680 918 793 Ἐγοί,
939 687 1102 790 προσθείς,
1122 714 1159 751 τα
1181 694 1239 752 τοῦ
1257 683 1347 770 'lyro-

262 777 344 852 rioo‚
366 767 390 876 qi
411 771 569 854 προσήκει,
592 769 732 857 διῴκησα.
775 767 837 835 Ov'u
862 769 945 855 αὐτῷ
966 767 1055 835 δί’
1017 797 1115 858 μονῳ,
1138 765 1212 836 oilli
1233 773 1288 835 nol
1305 779 1348 860 τῷ

262 823 455 922 σννοδεείοντε
466 881 585 943 μονοχρν
572 858 675 932 ίσοτς
696 857 884 960 {nequiverat
898 863 960 931 τοῖς
979 852 1114 941 ὀνείροις.
1150 852 1261 920 ’Attffi
1244 881 1316 938 οπερ
1323 839 1349 922 d

145 949 176 1006 P.
194 941 285 1010 197‘'
264 968 348 1051 ογιος
368 945 580 1048 diormitium,
605 941 646 1016 eir
662 947 814 1024 προσῆκον
836 942 875 1021 [Ι.
889 943 1069 1046 προσῆκεν],
1091 939 1206 1052 lqm,”
1186 939 1289 1024 αγριὸς
1304 967 1349 1017 τις

260 1029 312 1092 nul
338 1024 437 1106 ίτομὸς
454 1023 635 1109 ἅνθρωπος,
648 1027 847 1134 πορευομένω
869 1021 1056 1106 συναντήσας
1076 1033 1119 1113 τῷ
1135 1026 1285 1132 Ἰγνστίςο,
1305 1029 1349 1102 είς

259 1112 333 1195 μέρη
355 1135 387 1174 τε
406 1111 458 1174 sul
477 1112 551 1194 μέλη
573 1107 769 1191 dretturer
735 1136 788 1175 τον
808 1089 933 1175 editor
956 1112 1056 1174 ἔπειτα
1068 1090 1189 1193 κοίτην
1209 1109 1349 1214 ρεεφοίην

259 1196 377 1270 ἐντιθείς
401 1199 496 1282 λίθῳ,
516 1197 567 1260 ναί
589 1197 675 1303 ἑτέρῳ
694 1199 782 1276 βαρεῖ
798 1199 963 1301 συντρίψας
983 1219 1015 1259 τε
1034 1197 1086 1260 καί
1103 1191 1277 1270 sordidetur
1297 1197 1350 1260 sol

260 1277 333 1362 ὅλην
347 1276 422 1356 olnq
435 1245 651 1355 uirtuteoivoq'
632 1304 730 1343 απττον
744 1278 842 1366 ᾤχετο,
864 1281 915 1347 καί
932 1275 1089 1364 οἷχείρωτος
1104 1283 1146 1357 είς
1159 1284 1250 1364 δεῦρο
1265 1281 1350 1344 κοτέ-

260 1387 323 1447 om.
366 1367 431 1426 Hoc
445 1376 506 1426 est:
535 1368 714 1425 wamem'
701 1389 734 1424 m
747 1343 820 1424 illos
830 1369 1001 1445 propitius,
1022 1387 1068 1425 seo
1079 1388 1203 1425 rursum
1221 1370 1350 1426 iniustis

256 1455 465 1532 perversisque
478 1453 638 1526 terribilis,
660 1462 687 1508 et
706 1449 752 1509 ad
764 1456 971 1510 correctionem
990 1452 1206 1530 implacabilis.
1250 1451 1349 1511 ίαίω

260 1541 305 1598 rei
324 1549 536 1618 argumentum
558 1547 600 1596 est
614 1537 732 1615 ignatii
752 1535 892 1594 monachi
900 1580 908 1610 ,
932 1539 985 1616 qui
1002 1533 1176 1596 Clearzanae
1189 1539 1348 1616 cognomi-

259 1622 410 1699 nabatur,
433 1622 541 1680 acerbo
553 1634 581 1680 et
596 1619 770 1680 miseranda
782 1643 870 1680 mors.
911 1623 976 1680 Hic
990 1625 1080 1697 enim,
1103 1643 1172 1682 cum
1187 1625 1221 1680 in
1239 1643 1348 1680 nume-

259 1729 294 1767 ro
311 1707 527 1766 monachornm
542 1715 631 1780 esset,
648 1717 718 1783 post
737 1709 838 1764 sancti
856 1711 957 1767 Patris
974 1727 1121 1766 excessum
1141 1729 1162 1766 a
1181 1708 1276 1765 laura
1294 1706 1346 1766 cle-

250 1794 379 1872 ficiens,
401 1789 547 1851 adversus
561 1792 649 1848 iliam
661 1811 750 1848 orma
761 1795 885 1850 sonuit:
907 1803 941 1850 ut
954 1794 1017 1870 ipsi
1036 1791 1156 1870 quidem
1174 1790 1346 1870 uidebatur,

251 1887 413 1956 praetextu
425 1879 507 1935 iusto
514 1899 525 1952 ,¹
547 1898 579 1934 re
592 1896 664 1937 uera
676 1887 794 1952 autem,
810 1897 949 1954 perverso
959 1897 1089 1955 prorsus
1106 1879 1219 1954 animo,
1243 1889 1270 1936 et
1286 1876 1345 1936 da-

254 1961 397 2022 minandi
409 1963 517 2020 insono
531 1983 631 2020 amore
649 1959 768 2021 ductus.
814 1963 878 2040 Qui
896 1983 965 2042 ergo
986 1961 1094 2020 lauros
1107 1973 1178 2021 tunc
1191 1974 1344 2041 praeerat,

249 2049 410 2126 perculsus
425 2047 555 2106 malitiis
578 2058 671 2126 utque
684 2047 840 2104 simultate
852 2050 933 2121 eius,
955 2059 1020 2104 tum
1033 2048 1100 2106 alia
1106 2049 1188 2123 secit
1203 2069 1284 2126 quae
1300 2051 1344 2106 iu·

254 2135 329 2211 opio
345 2143 373 2190 et
388 2152 516 2190 moerore
533 2134 666 2210 oppressi
676 2133 781 2204 solent,
803 2143 869 2190 tum
883 2131 928 2190 acl
942 2131 1151 2210 Illiceplsorum,
1174 2136 1232 2211 qui
1244 2153 1342 2190 rerum

252 2215 345 2280 baud
364 2218 459 2276 multo
471 2229 543 2296 post
552 2220 672 2295 potitus
684 2228 742 2293 cst,
763 2219 874 2276 iamin
890 2217 1009 2276 Cretam
1021 2219 1209 2295 profectum,
1229 2239 1261 2276 sc
1277 2239 1343 2277 con·

253 2303 329 2361 tulit
330 2303 471 2382 ,alloqui
485 2324 553 2360 eum
567 2305 690 2381 cupiens
696 2303 868 2381 ignatiique
880 2325 985 2446 quaml
982 2323 1092 2380 graues
1101 2303 1235 2361 iniuriae
1250 2313 1343 2362 essent

212 2462 214 2470 .
253 2409 497 2464 commemorare,
526 2398 592 2445 tum
620 2385 786 2448 uindictam
807 2387 845 2444 ab
866 2409 897 2445 eo
920 2389 1052 2485 malique
1065 2385 1162 2465 finem
1180 2408 1342 2466 exposcere.

252 2474 340 2531 Huic
366 2435 527 2530 dormienti
554 2494 585 2530 se
610 2472 736 2553 offerens
759 2474 892 2531 Sanctus
912 2473 1111 2531 comminatus
1131 2482 1174 2531 est
1192 2476 1340 2551 graviter,

224 2560 379 2636 Boiu-sque
396 2559 539 2635 impetum
555 2560 703 2636 repressit,
726 2555 770 2616 ad
780 2557 961 2637 laurumque
978 2559 1068 2615 iussit
1080 2559 1217 2635 evestigio
1233 2554 1341 2621 redire.

251 2641 324 2718 Ego,
346 2644 458 2720 inquit,
480 2641 617 2702 derebus
631 2642 752 2720 ignatii,
773 2651 918 2722 qusnuun
932 2641 1046 2718 attinet,
1067 2641 1196 2722 providi
1239 2643 1343 2722 Neque

251 2725 327 2784 ltuio
339 2725 448 2800 solum,
471 2724 526 2784 ced
537 2729 641 2784 comiti
657 2748 773 2806 quoque
787 2730 920 2803 itineris,
942 2727 1096 2802 monacho,
1117 2727 1233 2785 somnio
1245 2727 1342 2786 simili

250 2813 338 2872 otene
350 2822 400 2868 est.
439 2809 531 2888 Quod
537 2833 606 2869 oero
616 2813 745 2870 Sanctus
755 2833 794 2881 se,
815 2823 965 2892 quantum
979 2815 1159 2888 attinuisset,
1167 2810 1340 2889 providisse

251 2893 345 2974 dixit,
368 2899 498 2976 agrestis
513 2895 641 2974 quidam
664 2907 692 2954 et
695 2899 789 2973 ferus
803 2897 907 2974 leomo,
930 2897 1050 2977 Ignatio
1067 2899 1099 2954 in
1119 2901 1225 2955 itinere
1238 2917 1339 2955 coctu·

250 3002 328 3060 rens,
348 2983 382 3039 in
391 2983 506 3058 frusta
518 2981 702 3040 membratim
715 2980 848 3041 concidit
863 2985 1020 3044 miserum:
1042 2980 1148 3040 deinde
1159 2993 1256 3060 caput
1268 3001 1340 3061 quo.

249 3087 308 3146 que
328 3064 430 3146 lapidi
447 3068 622 3146 impositum
644 3069 737 3127 altero
747 3067 917 3146 ponderoso
935 3071 982 3125 ito
997 3069 1138 3126 contrivit
1153 3077 1246 3146 atque
1261 3087 1339 3124 oom-

249 3155 378 3224 minuit,
407 3162 443 3210 ut
466 3163 563 3210 totum
588 3154 712 3232 penitus
729 3153 948 3232 complanaret:
975 3172 1035 3232 quo
1053 3161 1177 3230 peraeto
1201 3151 1336 3232 aufugit,

248 3257 341 3314 neque
366 3234 411 3294 nd
424 3237 506 3296 huno
520 3235 600 3294 diem
618 3249 724 3316 eaptus
739 3247 790 3295 eet.
832 3237 1005 3318 Sequentia,
1026 3246 1063 3294 ut
1076 3229 1171 3296 eliens
1187 3235 1224 3294 eb
1242 3256 1338 3316 expe·-

248 3319 363 3386 ditione
378 3321 493 3380 Cretico
507 3320 680 3400 Nicephori,
702 3321 740 3381 ed
754 3321 848 3400 illum,
869 3333 904 3380 ut
916 3321 988 3397 dixi,
1010 3322 1134 3380 Tomnm
1149 3320 1261 3396 reiicio,
1278 3340 1337 3400 quo

245 3403 323 3468 vitoe
348 3406 523 3466 Sanctorum
546 3407 616 3466 alies
638 3406 818 3486 complures,
845 3427 913 3466 cum
934 3407 972 3465 ed
994 3404 1152 3464 boeotum
1175 3404 1212 3463 od
1228 3405 1337 3464 loono-

246 3485 407 3556 olesterum
418 3498 553 3570 tempora
562 3491 758 3570 pertinentes,
780 3511 844 3550 surn
855 3491 1034 3571 prolaturus.
1076 3491 1230 3550 Praetereo
1245 3498 1337 3586 egum

244 3571 282 3636 ds
310 3571 370 3632 hoo
394 3573 473 3632 bello
496 3574 611 3634 Cretico
635 3585 770 3648 auctores
788 3576 863 3635 duo·
891 3577 966 3636 ulter
984 3575 1101 3634 Simeon
1122 3572 1314 3654 Logothete
1305 3593 1336 3632 in

245 3655 394 3717 Clu-onioo
405 3658 662 3720 edit.oCon1beiis.
675 3661 835 3740 Scriptorr.
844 3671 913 3740 post
922 3659 1091 3738 Theophsn.
1100 3660 1253 3726 401.d-
1261 3659 1334 3726 498.

242 3741 285 3801 D:
315 3743 390 3801 ulter
413 3742 601 3823 Anonymus,
630 3765 718 3824 quem
740 3747 795 3804 sub
822 3746 891 3806 Iulii
912 3745 1040 3805 Pollucis
1060 3744 1180 3804 nomino
1204 3743 1336 3823 primum

243 3825 346 3888 losnn.
360 3829 395 3888 B.
409 3829 596 3905 Bienconius,
618 3830 767 3889 Bononiae
782 3836 872 3898 1779.
886 3831 909 3888 F
911 3830 948 3889 ol.
965 3829 1070 3890 deinde
1091 3828 1220 3907 Ignotius
1230 3828 1335 3904 Hurdt,

219 3911 384 3972 cllonoohi
399 3922 427 3972 st
441 3913 555 3993 Lipsiae
569 3919 659 3983 1792.
675 3919 704 3980 8.
720 3913 891 3974 ediderunt:
911 3915 980 3974 vide
994 3915 1105 3976 Harles.
1135 3913 1210 3974 Bibl.
1232 3914 1334 3972 Grues.

245 3997 296 4059 Vl.
312 3996 381 4062 144
397 4000 445 4072 l..
461 3999 562 4058 sedin
576 3999 814 4098 utriusqueoum
827 3997 1188 4062 Bianooniitumliordtii
1203 3997 1335 4056 editions

242 4082 337 4143 Iulius
349 4083 457 4143 Pollux
472 4083 581 4143 desinit
592 4085 671 4144 sub'
662 4084 755 4144 mitiis
770 4084 905 4145 Gratiani
918 4084 1004 4164 Aug:
984 4127 1006 4162 .,
1032 4085 1064 4144 in
1077 4083 1184 4142 Codice
1198 4082 1332 4141 Vatican-

243 4167 299 4230 No.
309 4171 378 4235 163
391 4188 454 4229 non
466 4169 555 4228 modo
571 4178 668 4230 totum
684 4169 816 4230 Gratiani
828 4189 960 4247 regnum,
981 4169 1033 4229 sed
1046 4189 1092 4230 res
1109 4166 1197 4226 etism
1213 4163 1331 4246 imperii

245 4251 404 4316 orientalis
418 4254 624 4336 persequitur,
646 4254 685 4315 od
699 4253 831 4314 medium
841 4273 934 4335 usquo
948 4255 1097 4317 neonium
1109 4253 1147 4313 X.
1163 4251 1257 4332 triplo
1272 4252 1331 4313 nro
