2780 4658
213 277 323 338 xxv'ur
648 274 685 344 C,
705 274 741 347 Β,
762 272 879 345 HAsn
950 282 953 292 ·

215 447 300 500 vecta
321 431 452 512 undique
470 440 690 514 repeterentur,
720 433 830 495 accidit
850 445 885 494 ut
904 435 984 495 inter
1000 433 1122 495 Codices
1143 433 1177 493 in
1198 433 1310 494 urbem

215 535 409 620 reportandos
430 545 507 595 asset
522 533 682 596 Vaticanus
699 537 754 596 No.
768 541 837 603 163.
860 537 943 596 illam
960 538 1057 618 ipsam
1078 535 1147 595 Iulii
1173 536 1311 596 Pollucis

213 633 370 703 historiam
384 638 592 718 complectens.
633 639 679 698 Ibi
693 659 762 698 cum
774 638 988 699 intellexissent
998 648 1207 719 procuratores
1220 641 1311 698 Sum-

169 775 170 778 *
212 745 255 804 mi
269 740 428 815 Pontificis‚
445 759 491 799 me
503 738 536 798 in
551 739 744 800 conficiendis
756 741 834 799 notis
845 739 904 799 hoc
912 741 1020 802 Codice
1032 763 1117 821 aegre
1129 743 1311 817 cariturum,

211 843 434 928 perhumaniter
444 851 629 920 negaverunt
649 862 680 901 se
704 843 932 918 commissuros,
950 852 983 902 ut
1002 863 1019 902 a
1039 863 1071 903 aa
1092 844 1198 904 etudiis
1230 841 1313 902 meis

213 949 328 1010 obesset
340 946 510 1025 quicquam,
527 943 792 1024 permiseruntque,
814 953 849 1003 nt
864 963 956 1022 usqae
969 943 1007 1002 ad
1019 944 1263 1024 editionemlibri
1278 947 1312 1004 is

212 1051 313 1111 Codex
328 1047 447 1108 Parisiis
459 1054 633 1106 remaneret.
655 1045 803 1120 Quocirca
816 1045 958 1105 maximas
975 1048 1084 1124 gratias
1097 1058 1126 1108 et
1138 1068 1190 1126 ago
1207 1058 1236 1108 et
1246 1045 1313 1105 ha-

211 1153 266 1212 beo
286 1151 356 1211 Viro
369 1149 534 1209 reverendo
548 1158 639 1228 atque
651 1149 694 1206 ill.
712 1147 828 1208 Marino
845 1147 970 1226 Marini,
992 1149 1027 1208 ab
1041 1150 1148 1210 intimo
1165 1149 1311 1209 cubiculo

211 1252 327 1314 Summi
339 1250 509 1325 Pontificis‚
531 1259 560 1310 et
573 1249 689 1310 archivi
699 1248 865 1328 apostolici
877 1248 1015 1309 Vaticani
1028 1251 1195 1323 Praefecto,
1218 1251 1312 1312 cuius

213 1358 246 1417 in
259 1356 318 1415 hoc
331 1354 449 1432 negotio
466 1351 574 1411 eximia
587 1350 738 1429 studiique
754 1351 843 1432 plena
858 1351 957 1412 officia
972 1371 1038 1433 erga
1052 1373 1100 1412 rna
1112 1354 1307 1415 exstitenmt.

214 1458 305 1532 Quod
326 1466 425 1516 autem
444 1435 590 1514 eiusmodi
609 1453 768 1514 notionum
782 1450 992 1516 historicarum
1014 1477 1052 1516 na
1068 1457 1113 1515 sic
1133 1456 1254 1536 quidem
1270 1457 1308 1516 in

212 1559 272 1620 hoc
284 1560 376 1618 Tamo
394 1575 551 1637 permagna
569 1565 614 1616 est
632 1555 761 1615 accessio
782 1557 879 1635 Iacto,
900 1575 963 1616 non
977 1555 1079 1616 hercle
1094 1559 1237 1638 penuriae
1251 1559 1310 1618 Bi·

212 1661 379 1722 bliotlrecae
395 1668 532 1735 nostrae,
554 1657 606 1716 scd
624 1657 771 1738 paucitati
785 1678 948 1731 annorum,
971 1679 1101 1740 quorum
1117 1672 1196 1739 gesta
1210 1660 1308 1721 tradit

212 1765 271 1825 Leo
290 1761 371 1845 (vide
391 1781 482 1842 supra
497 1759 572 1820 VIII.
588 1755 648 1839 Α),
671 1759 765 1818 tribui
781 1759 814 1818 id
826 1759 926 1820 velim.
968 1761 1019 1821 Ad
1031 1763 1178 1838 Psellum,
1202 1783 1304 1822 anno-

211 1889 279 1929 rum
293 1885 388 1947 prope
401 1873 520 1924 centum
537 1858 738 1944 (975-1060)
760 1862 931 1922 memoriam
944 1874 1151 1944 persecutum,
1172 1863 1306 1944 plurima

211 1967 357 2030 eiusmodi
372 1965 484 2026 inedita
504 1964 680 2042 subiungere
693 1983 744 2052 ⁸ma
763 1984 851 2045 posse
865 1985 972 2044 spero,
994 1966 1099 2044 quibua
1115 1965 1165 2027 vel
1188 1965 1304 2025 stabili.

202 2081 272 2148 tur,
293 2071 341 2133 vel
357 2068 545 2148 emendetur,
566 2067 617 2130 vel
633 2064 749 2128 ratione
761 2065 924 2164 multiplici
939 2065 1137 2148 amplificatur
1151 2065 1213 2128 eius
1226 2087 1303 2128 nar-

209 2174 299 2242 ratio.

286 2341 366 2406 XIV.
387 2338 506 2401 dtenim
521 2359 583 2399 non
599 2358 647 2398 ma
659 2337 799 2418 fugiebat,
812 2337 901 2400 etiam
912 2348 949 2400 ut
961 2339 1110 2400 cumulate
1121 2339 1220 2400 officio
1233 2360 1302 2401 meo

208 2445 268 2506 hoo
283 2445 395 2526 duplici
411 2441 532 2501 nomine
547 2439 764 2520 satisfaceremj
785 2451 886 2502 tamen
900 2443 964 2502 Iore
975 2452 1011 2501 ut
1024 2441 1066 2502 sic
1080 2461 1177 2521 neque
1193 2441 1231 2501 ed
1244 2441 1302 2501 lit-

207 2557 340 2607 terarum
360 2548 540 2606 Graecarum
555 2567 652 2625 neque
666 2544 705 2604 ad
725 2544 866 2605 historiae
887 2543 1036 2603 studiosos
1049 2543 1092 2603 ita
1116 2543 1227 2603 multos
1241 2545 1302 2604 mei

209 2648 305 2708 officii
323 2648 438 2708 utilitas
453 2649 625 2729 pertineret.
666 2646 757 2724 Nam,
779 2665 847 2704 cum
870 2645 991 2706 omnino
1008 2645 1042 2704 in
1059 2646 1166 2720 etudiis
1180 2645 1300 2724 nostris,

209 2751 332 2812 Graecis
350 2750 436 2828 dica,
457 2772 519 2811 non
534 2753 573 2810 sit
584 2749 713 2810 maxima
726 2748 813 2829 copia
828 2767 932 2808 aarum
944 2748 1013 2827 qui,
1034 2748 1084 2809 via
1097 2749 1168 2808 trita
1184 2748 1300 2824 relicta,

44 2895 49 2902 -
66 2863 97 2917 P.
115 2867 192 2920 mn
208 2852 366 2914 interiores
378 2864 550 2914 scrutentur
563 2874 598 2912 ac
613 2850 783 2912 reconditae
797 2849 932 2926 litterae,
953 2859 1019 2909 turn
1034 2871 1105 2911 uero
1120 2871 1156 2910 ex
1171 2849 1208 2909 iis
1225 2850 1302 2931 ipsis

206 2955 353 3035 exquisita
372 2955 469 3016 doctis
483 2966 590 3034 quotus
611 2953 737 3034 quisque
753 2965 815 3029 eet,
838 2951 890 3031 qui
904 2951 1062 3011 lectionem
1074 2951 1227 3032 scriptoris
1240 2953 1302 3032 By.

180 3060 182 3068 ’
204 3059 318 3118 zarrtini
335 3058 373 3117 ad
387 3057 572 3119 subtiliorem
586 3056 784 3136 cognitionem
795 3054 914 3132 linguae
927 3053 1086 3134 quicquam
1095 3055 1230 3114 conterre
1243 3075 1302 3134 pu-

206 3161 272 3221 tett
299 3159 443 3222 Historici
464 3170 563 3219 autem
582 3158 717 3218 homines
730 3176 826 3238 paene
839 3176 940 3216 omnes
955 3157 1005 3217 val
1021 3156 1059 3215 nd
1073 3165 1208 3216 veterum
1226 3156 1301 3215 illo-

115 3338 117 3341 v
204 3283 272 3324 rum
293 3284 415 3344 prorsus
435 3263 626 3343 antiquorum
645 3261 779 3322 divinam
796 3257 984 3335 memoriam,
1010 3259 1059 3318 vel
1079 3259 1117 3320 ad
1132 3279 1179 3319 rea
1195 3269 1300 3320 nostra

204 3375 383 3446 patrumque
406 3364 546 3424 memoria
570 3372 621 3422 ant
635 3363 775 3424 subtilius
794 3373 824 3422 et
841 3360 1054 3440 temperandus
1075 3369 1127 3421 aut
1142 3360 1300 3440 splendide

205 3488 240 3527 ac
254 3468 432 3527 mirabiliter
447 3475 556 3544 gestes,
577 3466 629 3525 vel
646 3473 724 3524 certe
741 3463 780 3521 ad
796 3463 924 3541 origines
939 3463 1121 3544 populorum
1139 3463 1230 3522 hodie
1247 3462 1299 3522 vi-

204 3570 337 3648 gentium
357 3567 567 3644 illustrandos,
600 3587 671 3630 cura
702 3563 784 3622 omni
812 3565 969 3644 studioque
994 3565 1169 3645 rapiuntur:
1197 3567 1298 3645 pauci,

203 3669 286 3750 iique
302 3672 359 3752 ipsi
374 3670 499 3731 invitiua
514 3679 565 3728 aut
585 3665 787 3741 fastidiosius,
809 3666 929 3726 annales
946 3665 1105 3726 excutiunt
1117 3667 1297 3726 senescentis

202 3771 323 3851 imperii
352 3791 387 3830 ec
408 3773 529 3833 ruituri.
582 3772 775 3850 Quapropter
798 3789 853 3847 per
870 3777 956 3826 notae
976 3767 1109 3828 obtinere
1131 3770 1231 3845 vquI,
1261 3781 1298 3830 ut

203 3875 293 3953 paulo
316 3873 406 3934 latius
428 3896 493 3934 mea
513 3895 602 3954 opera
622 3879 754 3952 pataret,
776 3870 813 3928 ad
836 3889 941 3947 eosque
957 3869 1029 3928 item
1043 3870 1222 3949 pertineret,
1243 3872 1298 3949 qui

203 3977 358 4037 alieniores
378 3976 439 4037 sint
458 3997 476 4034 a
495 3977 582 4037 rebus
594 3974 784 4052 Byzantinis:
806 3970 930 4050 ideoque
951 3972 988 4031 da
1005 3972 1220 4048 significatione
1233 3993 1299 4032 vo-

131 4133 137 4142 ,
204 4095 273 4136 cum
288 4077 424 4138 nondum
441 4079 512 4136 satis
527 4077 647 4136 definita
660 4071 804 4156 parumve
813 4074 965 4138 intellecta
979 4074 1099 4134 uberius
1112 4075 1221 4154 passim
1232 4075 1297 4134 dia-

203 4180 308 4259 putavi
324 4180 359 4240 in
380 4179 459 4240 notis
480 4189 511 4240 et
523 4179 631 4240 lucius.
665 4179 731 4254 Qua
745 4179 779 4238 in
791 4197 825 4238 re
843 4177 961 4258 saepius
976 4177 1161 4258 scriptorum
1176 4178 1296 4240 Attica-
