2786 4620
344 341 405 412 AD
424 340 708 414 NICEPHORUM
726 341 920 413 PHOCAM.
1107 333 1181 412 357

83 497 240 584 precibus,
264 505 425 564 uttmsmus
439 519 557 579 meum,
579 501 661 580 quod
681 520 767 584 saepe
779 510 951 584 aspernatus
966 511 1044 586 erat,
1066 503 1177 584 digni-¹

83 612 170 663 retur
189 601 336 682 accipere.
377 603 585 663 Residentibus
605 603 705 682 itaque
723 601 810 664 nobis
827 603 866 662 ad
879 622 1008 666 mensam
1023 605 1086 667 sine
1099 607 1178 667 lati-

83 703 192 764 tudine
210 703 331 782 longam
356 704 481 784 pallingi
507 703 553 781 ²⁸)
579 705 737 769 latitudine
765 713 892 786 rectam,
920 705 1107 786 longitudine
1127 728 1179 770 se-

83 805 255 882 minudam,
283 823 321 864 ex
341 804 484 883 Francis,
512 825 571 885 quo
588 806 709 868 nomine
728 815 792 868 tam
819 805 956 884 Latinos,
985 829 1074 889 quem
1096 810 1182 871 Teu·-
1196 819 1230 874 P.
1245 818 1299 876 tet

83 917 172 968 tones
197 903 439 987 comprehendit,
460 906 567 968 ludum
585 907 704 970 habuit:
731 906 905 987 rogavitque
924 928 988 990 me,
1013 920 1050 970 nt
1067 932 1127 991 quo
1147 912 1182 974 in
1198 889 1288 948 ⁰⁰¹4

84 1011 156 1070 loco
186 1009 382 1090 Episcopatus
412 1007 471 1068 mei
499 1009 603 1070 ciiitus
627 1021 718 1090 esset,
747 1029 843 1088 quove
872 1010 994 1073 nomine
1021 1014 1180 1093 frueretur,

2 1135 3 1138 ¹
86 1112 244 1172 edicerem.
299 1110 356 1170 Cui
382 1111 543 1189 Cremona,
569 1112 706 1192 inquam,
734 1115 868 1175 Eridano
890 1115 1054 1177 fluviorum
1079 1115 1180 1176 Italiae
1263 1133 1267 1140 “

86 1213 161 1292 Regi
181 1211 250 1272 satis
267 1213 382 1285 vicina3
411 1222 441 1272 et
460 1213 530 1292 quia
549 1213 708 1294 Imperium
727 1223 813 1279 tuum
829 1216 983 1279 melundis
1004 1237 1039 1276 eo
1063 1215 1181 1280 mittere

2 1361 3 1384 ἶ
85 1323 240 1397 properat,
259 1314 355 1394 prosit
367 1313 441 1374 mihi
454 1324 485 1375 te
500 1313 618 1392 vidisse,
631 1314 726 1394 prosit
740 1320 904 1400 agnovisse,
926 1323 964 1384 da
977 1338 1081 1401 pacem
1095 1320 1178 1396 loco,

85 1427 123 1478 ut
134 1423 226 1496 perte
234 1415 435 1496 saltempossit
447 1414 615 1494 subsistere,
637 1417 690 1496 qni
702 1418 757 1478 tibi
765 1441 827 1481 non
838 1431 938 1503 potest
947 1421 1093 1483 resistere.
1118 1420 1177 1482 Sed

86 1518 168 1579 valer
178 1517 231 1577 ille
242 1516 315 1576 hese
329 1518 489 1599 εἰρωνικῶς
501 1537 548 1579 me
556 1517 666 1578 dixisse
676 1521 825 1600 cognovit,
839 1520 1041 1601 submissoque
1048 1521 1176 1582 vulture

86 1618 128 1678 ita
142 1620 290 1680 nemim
304 1619 451 1700 promisit,
464 1619 632 1701 iuravitque
643 1621 718 1682 mihi
729 1642 783 1704 per
794 1623 896 1684 Sancti
909 1623 956 1683 aui
967 1623 1109 1685 virtutem
1115 1621 1176 1684 lm-

85 1721 180 1804 perii,
199 1718 245 1780 nil
259 1739 307 1780 me
322 1718 392 1780 mali
410 1741 580 1802 passurum,
602 1725 654 1784 sed
673 1744 818 1806 prospere
837 1725 900 1786 suis
923 1745 991 1785 cum
1013 1723 1175 1786 chelandiis

86 1821 225 1903 usquein
234 1821 456 1882 Anconitanum
469 1833 592 1904 portum
603 1825 663 1886 cito
675 1836 903 1908 perventurum
924 1835 953 1886 et
963 1825 1076 1888 mihiid
1087 1835 1175 1888 mmo

87 1925 187 2005 digitis
200 1933 324 2006 pectore
337 1922 457 1986 iuravit.
497 1925 606 1986 Verum
623 1947 712 2007 quam
725 1927 817 2010 impie
831 1928 1022 2010 peieraverit,
1044 1927 1202 1990 animed-lt

19 2059 22 2070 2
85 2027 205 2090 vertite.
246 2025 326 2086 llaec
344 2035 425 2104 acta,
446 2025 520 2087 lraee
536 2027 701 2088 dictasunt
721 2028 936 2091 decimotertio
950 2030 1097 2090 Kalendas
1110 2029 1176 2090 Au·

2 2197 3 2210 ,
88 2128 185 2208 gusti,
207 2126 336 2188 secunda
352 2127 442 2207 seria,
464 2148 523 2210 quo
544 2150 581 2190 ex
603 2130 651 2191 die
668 2130 814 2210 usquein
831 2151 943 2193 nonum
959 2130 1175 2212 stipendiorum

88 2228 167 2290 nihil
190 2227 226 2286 ab
248 2247 282 2288 eo
299 2228 414 2310 recepi,
444 2250 512 2290 cnm
531 2239 614 2291 tanta
633 2239 708 2291 esset
725 2233 982 2313 Constantinopoli
1001 2235 1110 2310 semes,
1137 2241 1175 2292 ut

86 2327 197 2408 viginti
220 2328 348 2408 quinqua
366 2333 489 2392 asseclas
507 2353 605 2411 meos,
626 2343 656 2394 et
676 2342 805 2414 quatuor
820 2333 957 2396 custodes
973 2335 1101 2395 Graecos
1116 2333 1172 2394 tri·
1195 2377 1199 2385 =

85 2432 141 2492 bus
154 2430 410 2493 aureisunecoena
418 2435 572 2516 nequirem
583 2433 714 2499 relicere.
741 2437 855 2510 Quarta
869 2434 941 2496 seria
953 2435 1047 2519 ipsius
1059 2433 1172 2495 hebdo-

85 2533 189 2594 madae
202 2531 388 2612 Nicephorus
409 2537 697 2618 Constantinopolim
711 2537 876 2621 egreditur,
898 2536 930 2598 in
944 2535 1082 2618 Assyrios
1100 2555 1174 2616 pro-

86 2637 229 2696 iecturus.
271 2635 381 2710 Quinta
396 2638 468 2698 seria
488 2639 580 2700 frater
595 2659 667 2700 suus
681 2659 728 2698 me
742 2639 915 2716 accersivit,
937 2659 1023 2720 quem
1038 2638 1081 2700 ite
1101 2657 1172 2697 con-

86 2737 180 2800 venit
228 2740 338 2800 Sancto
358 2738 537 2818 Imperatore
560 2741 738 2822 praemisso,
765 2741 847 2803 domi
864 2739 954 2801 hodie
973 2736 1172 2819 dispositionis

86 2839 220 2900 eiusdem
244 2859 331 2900 causa
355 2839 490 2920 substiti3
516 2843 645 2903 nuncsi
667 2852 697 2902 te
717 2844 858 2902 Sanctum
880 2841 1090 2923 imperatorem
1119 2839 1171 2900 vi-

86 2941 173 3002 sendi
187 2941 368 3002 desiderium
381 2941 510 3022 obtinet,
533 2954 562 3004 et
573 2945 599 3004 s'i
616 2943 790 3024 quidquem,
810 2940 890 3021 quod
910 2960 967 3000 nec
981 2941 1053 3003 dum
1064 2938 1173 3021 prodi-

87 3043 166 3104 deris
180 3043 279 3120 lsabes,
288 3044 425 3108 edissere.
456 3045 510 3104 Cui
522 3045 660 3124 inquam:
673 3047 734 3106 Nec
748 3045 889 3102 Sanctum
896 3041 1106 3121 Imperatorem
1119 3040 1201 3104 ri-(t

88 3145 196 3221 dendi,
218 3145 331 3206 neerei
346 3165 442 3206 novae
455 3147 621 3208 narrandae
636 3145 730 3210 habeo
744 3163 878 3222 causam,
899 3162 993 3204 unum
1013 3141 1073 3202 hoc
1091 3149 1171 3224 peto,

88 3247 250 3307 secundum
263 3247 364 3306 Sancti
379 3247 496 3328 Imperii
513 3250 755 3328 promissionem,
782 3255 819 3308 ut
834 3243 995 3305 chelandiis
1014 3244 1049 3304 in
1069 3240 1171 3302 sneo-

88 3349 223 3408 nitanum
247 3358 368 3428 portum
389 3369 486 3429 usque
506 3350 645 3420 deducar,
696 3350 763 3423 Quo
788 3347 889 3409 audito
912 3345 958 3425 (ut
976 3354 1046 3406 sunt
1067 3341 1174 3402 Graeci

88 3471 144 3533 per
157 3459 247 3530 ceput
259 3452 380 3514 alterius
395 3471 509 3532 semper
521 3453 619 3512 iurare
637 3452 747 3532 parati)
766 3469 820 3530 per
832 3447 1057 3529 Imperatorium
1071 3450 1173 3523 caput,

88 3573 144 3634 per
158 3552 251 3614 vitam
264 3554 426 3634 propriam,
446 3574 501 3633 per
513 3551 641 3632 liberos,
663 3573 735 3632 quos
750 3552 829 3611 Deus
841 3550 900 3628 its,
921 3558 956 3609 ut
967 3565 1071 3610 verum
1084 3544 1172 3620 dixit,

4 3725 5 3730 η
88 3663 263 3732 conservet,
285 3675 316 3714 se
328 3655 361 3714 id
375 3655 589 3734 completurum
609 3656 706 3714 iurare
725 3653 833 3732 coepit,
876 3650 931 3711 eui
948 3671 1015 3710 cum
1031 3643 1172 3728 quando?

88 3757 237 3834 dicerem3
257 3777 329 3816 mox
344 3755 529 3832 discedente,
550 3756 659 3835 inquit,
684 3756 877 3834 Imperatore:
898 3748 1070 3853 Delongnris
1084 3745 1173 3820 enim,

89 3859 144 3918 sub
168 3857 254 3918 cuius
278 3877 369 3916 mnnu
390 3857 512 3916 navium
533 3865 578 3915 est
600 3854 696 3915 omnis
722 3864 870 3938 potestas,
889 3851 1045 3914 recedente
1060 3850 1169 3906 Sancto

4 4029 5 4032 Ἴ
89 3959 289 4040 Imperatore,
310 3977 411 4017 curam
432 3958 478 4018 tui
497 3967 572 4038 aget.
612 3957 677 4018 Hac
693 3977 746 4038 spe
761 3955 947 4032 ludificatus,
967 3954 1061 4013 laetus
1078 3949 1115 4008 ab
1135 3963 1170 4004 eo

89 4062 209 4122 recessi.
241 4061 314 4121 Post
324 4069 493 4142 sequentem
507 4059 677 4137 veredica,
694 4059 814 4121 sabbato
829 4057 952 4134 scilicet,
965 4046 1202 4124 inUnbriansD

125 4261 175 4328 28)
192 4257 263 4314 ntes
278 4259 344 4330 polii
360 4257 402 4313 vel
416 4258 507 4328 pelusi.
530 4258 604 4314 Cute
