2802 4624
228 339 305 417 504
577 348 615 418 C.
635 347 673 418 B.
696 345 812 417 HASII
831 346 984 416 NOTAE

228 519 336 587 θεντο,
357 500 435 587 steini
447 502 483 568 eoi
497 511 621 569 tainica
634 499 861 592 enitescerent
873 497 983 578 πάντες
993 499 1232 583 ἐπεψηφίσαντο.
1265 501 1323 564 tet

231 591 360 682 ἀπῄειν,
386 593 440 654 ἵνα
456 587 493 654 cel
509 590 638 672 ἡμέτεροι
656 596 798 668 σωθῶσι,
828 589 880 652 real
895 588 1031 668 ἐνέτυχον
1052 583 1196 673 absqidc
1211 581 1321 662 εὔξαιτ’

230 675 270 744 to
284 671 410 758 μάλιστά
423 698 476 750 τις.
505 675 578 754 Kal,
593 674 635 750 οἷς
648 671 777 740 δυνατόν
791 674 824 739 tv
839 678 946 757 βραχεῖ
963 669 1116 780 lippescit
1131 668 1324 754 ovpneoiret
1388 709 1390 714 ,

205 759 334 849 Boisqi,
355 761 469 835 ἐκεῖνος
488 758 543 842 μὲν
561 757 675 834 παντός
687 765 800 841 μᾶλλον
814 762 843 836 *)
861 763 1006 840 μεῖζοντο
1021 761 1143 840 πρᾶγμα
1163 757 1322 839 ἐλογίσατο,

230 845 298 930 ἐμοὶ
317 845 351 910 δὲ
366 843 423 926 nir
441 851 504 909 reio
523 840 696 926 Ktqpisnv
720 839 816 925 εἱρχήν
838 837 932 917 αὖθις
952 837 1089 924 ἀσμένως
1106 847 1211 904 πᾶσαν
1231 839 1322 918 lions,

229 933 284 997 stab
299 931 472 1014 προσέθηκε
484 931 536 994 nal
550 931 732 1009 σατραπείαν
747 925 836 1010 ὅλην,
858 929 891 991 ἔν
902 951 934 990 τε
946 952 985 1014 pq
999 951 1034 1011 eq
1048 948 1139 990 οοτου
1154 921 1324 1009 προσόδους

228 1018 378 1090 ἐπετείους
393 1013 500 1090 lucris
515 1009 694 1096 ἐδωρήσατο.
731 1013 769 1072 Η.
784 1034 808 1073 ο.
829 1011 925 1093 quue
934 1035 1063 1093 propere
1075 1023 1103 1070 et
1115 1016 1324 1070 metauratarn

222 1105 341 1183 suerat,
356 1112 384 1160 et
392 1101 483 1177 fossa
495 1101 778 1160 circummunitam:
793 1119 917 1178 unoque
928 1118 996 1156 curn
1004 1098 1075 1156 lu's*
1086 1096 1199 1155 bellum
1206 1116 1324 1176 quoque

229 1187 349 1266 incepit.
383 1186 532 1246 Divisum
556 1194 622 1242 erat
638 1205 695 1262 per
715 1186 908 1264 cognationes
931 1183 1108 1260 castellum,
1135 1202 1242 1261 resque
1255 1201 1325 1259 pre-

228 1273 364 1330 tiosiores
384 1273 417 1328 in
441 1289 474 1328 eo
495 1268 665 1350 depositae:
687 1272 790 1327 minus
811 1270 997 1328 necessariae
1009 1279 1094 1326 extra
1104 1288 1160 1345 per
1171 1267 1325 1346 reliquum

226 1352 334 1436 oppidi
346 1353 495 1413 ambitum
510 1365 597 1414 erant
614 1355 788 1412 collocatae.
829 1353 1042 1414 Habitabatur
1062 1355 1144 1410 enirn
1157 1361 1231 1410 tunc
1250 1351 1325 1408 urbe

226 1445 292 1500 iam
302 1451 384 1499 tota:
400 1440 558 1498 castellum
572 1449 675 1498 autern
683 1451 908 1518 praeparatum
915 1440 1036 1515 fuerat,
1047 1448 1085 1496 ut
1101 1439 1136 1494 in
1148 1456 1261 1516 magno
1271 1457 1326 1514 pe-

226 1525 326 1586 riculo
338 1525 426 1584 nobie
440 1525 538 1583 saluti
549 1535 632 1584 esset.
672 1522 718 1582 At
730 1522 857 1582 barbari
867 1535 947 1600 tunc,
965 1524 1073 1580 multis
1083 1541 1210 1580 suoram
1223 1523 1326 1579 amis-

227 1615 292 1687 sis,
315 1630 385 1669 curn
399 1612 573 1688 &seminia
587 1619 680 1668 noctu
694 1619 886 1685 recesseram,
907 1619 1026 1667 servato
1046 1605 1206 1668 diluculoe
1220 1609 1324 1684 priseo

226 1717 315 1755 mane
329 1715 383 1774 ego
388 1694 507 1773 praelii
518 1691 651 1772 cupidus
664 1695 770 1770 copias
780 1703 887 1753 contra
902 1691 1002 1752 eduxi.
1043 1694 1146 1751 Erant
1158 1690 1237 1749 rnilei
1248 1702 1325 1749 tunc

145 1835 151 1843 ‚
226 1783 342 1860 equites
353 1777 453 1856 paulo
463 1778 570 1856 plures
585 1798 682 1857 quam
695 1788 830 1855 centum,
847 1775 1026 1855 funditores
1041 1789 1069 1834 et
1084 1778 1247 1856 sagittarii
1266 1797 1324 1834 su-

219 1884 284 1945 pra
300 1861 361 1924 CC.
374 1861 513 1921 Barbari
527 1881 597 1920 cum
610 1883 764 1942 nusquam
777 1873 965 1942 apparerent,
974 1883 1056 1942 quae
1068 1873 1145 1941 apta
1157 1861 1233 1919 stuic
1246 1871 1323 1918 tem-

147 1961 150 1970 ’
221 1950 295 2029 pori
315 1958 409 2006 essent
428 1967 450 2003 a
469 1968 515 2005 me
536 1945 691 2006 adornata
708 1957 797 2024 sunt,
825 1969 936 2007 murus
956 1959 1042 2007 vetas
1064 1959 1193 2022 erectus,
1223 1943 1322 2004 edocti

227 2034 303 2108 mei,
325 2027 474 2113 quomodo
491 2043 568 2091 recte
586 2054 617 2092 ee
633 2035 815 2092 instruerent
835 2031 880 2090 ad
897 2033 1015 2092 bellum.
1057 2031 1122 2091 Eos
1140 2041 1245 2089 autern
1265 2033 1323 2110 qui

223 2115 353 2177 ditionis
364 2115 485 2176 nostrae
495 2127 589 2194 nant,
605 2119 729 2200 nunciis
742 2119 858 2177 cursim
873 2121 977 2176 missis
992 2117 1145 2192 arcessivi,
1167 2113 1209 2198 ds
1218 2136 1321 2174 rerum

224 2223 346 2262 summa
360 2205 395 2262 in
407 2202 568 2261 consilium
583 2205 627 2262 ire
638 2204 751 2263 volens.
793 2200 933 2282 Undique
946 2223 1015 2262 cum
1029 2200 1232 2276 advenisses,
1246 2221 1321 2260 con-

225 2291 310 2364 cione
323 2290 506 2368 optimatum
521 2299 645 2362 coacta,
668 2309 745 2366 quos
757 2298 831 2348 tunc
847 2309 900 2368 ego
913 2309 1060 2348 semones
1071 2286 1243 2362 habuerint,
1264 2289 1321 2366 qui

225 2371 342 2433 domini
350 2375 457 2452 potius
464 2383 558 2431 essent
569 2371 730 2451 eapetendt',
741 2371 871 2452 adquae
879 2377 978 2434 venire
986 2391 1139 2452 quareque
1150 2369 1320 2430 commodi·

225 2470 318 2516 tatem
331 2459 438 2516 conari
449 2467 594 2536 oporteret
606 2456 645 2515 ab
658 2458 725 2515 illis
729 2461 890 2537 percipere,
910 2455 987 2537 quid
999 2457 1129 2536 denique
1130 2455 1320 2533 faciendum

225 2553 316 2618 esset,
338 2552 365 2600 et
383 2551 499 2600 caetera
518 2545 661 2602 universa
676 2553 751 2600 tunc
773 2562 793 2599 a
814 2563 860 2600 me
882 2540 981 2620 dicta,
1012 2563 1091 2621 quae
1113 2545 1177 2621 ipse
1198 2562 1324 2621 quaque·

223 2627 353 2705 reliquis
368 2625 506 2684 omnibns
516 2626 754 2704 praestabiliora
777 2625 946 2704 tuentem,
978 2629 1106 2707 longum
1127 2638 1172 2684 est
1192 2627 1319 2706 singula

224 2709 330 2770 ordine
347 2707 443 2769 dicere
456 2711 538 2792 velle.
581 2711 651 2787 Illi,
672 2733 727 2770 seu
742 2710 828 2791 quod
845 2733 1004 2792 nunquam
1022 2712 1240 2771 benevolentiae
1253 2712 1316 2772 Irn-

218 2797 544 2876 peratoricefructuns
555 2797 656 2855 ullum
671 2799 824 2875 cepissent,
848 2819 899 2856 seu
914 2795 1006 2877 quod,
1031 2799 1255 2857 Graecanicam
1268 2800 1317 2858 vi-

223 2891 273 2940 tae
285 2883 433 2939 rationem
445 2901 563 2960 parum
577 2892 733 2957 curantes,
763 2884 909 2940 instituta
931 2881 977 2941 ad
992 2882 1158 2940 arbitrium
1178 2885 1317 2961 ipsorum

217 2968 313 3046 facta
325 2968 454 3024 manime
467 2969 667 3046 requirerent,
687 2969 751 3026 siae
765 2964 851 3045 quod
863 2970 930 3048 regi
944 2965 990 3026 ad
1000 2970 1228 3047 septentrionem
1244 2967 1317 3027 [stri

222 3051 397 3111 dominanti
412 3054 669 3128 conterminantes,
676 3063 894 3132 praeterquam
907 3051 993 3132 quod
1002 3053 1055 3111 ille
1066 3053 1195 3112 evercitu
1203 3073 1316 3134 magno

223 3138 336 3196 valeret
349 3139 439 3218 vique
455 3135 564 3195 bellica
578 3134 693 3220 efferret
703 3157 779 3214 sese,
801 3137 841 3196 ab
856 3139 945 3196 illius
958 3141 1040 3196 vitae
1054 3140 1171 3197 ratione
1178 3140 1315 3218 propriis

224 3223 361 3281 moribus
373 3241 436 3281 non
450 3220 620 3304 dfflerrent:
635 3219 750 3281 idcirco
762 3232 934 3282 statuerunt
942 3226 1060 3302 pacisci
1071 3223 1218 3282 cumillis
1226 3243 1313 3302 seque

222 3303 342 3384 dedere,
365 3327 410 3365 me
430 3318 533 3366 autem
547 3311 701 3387 negotium
714 3309 856 3388 perficere
867 3308 1041 3389 publicitus
1057 3327 1158 3368 omnes
1178 3306 1315 3368 decreve-

222 3400 303 3452 runt.
345 3389 396 3450 Ita
401 3394 560 3470 prefectus
570 3413 639 3451 eum
651 3391 696 3451 ad
707 3391 1031 3471 servandasfortunas
1043 3405 1174 3468 nostras,
1188 3415 1316 3474 eumque

221 3473 515 3554 salemanniam,
531 3478 652 3555 qualem
666 3475 837 3537 desiderare
842 3483 912 3559 quis
925 3481 1054 3538 manime
1061 3489 1173 3558 posset.
1210 3481 1318 3559 Atque

223 3562 286 3636 ita,
306 3559 361 3620 ubi
373 3559 524 3639 colloquio
538 3559 636 3638 breui,
657 3573 692 3620 ut
702 3575 856 3642 poteram,
879 3575 976 3623 toturn
987 3567 1141 3644 negotium
1158 3575 1313 3645 transege-

221 3665 290 3704 ram
304 3664 373 3703 cum
386 3665 433 3722 eo,
448 3645 511 3704 'ille
527 3651 593 3704 'rem
611 3649 772 3725 maiorem,
795 3649 987 3730 plusquam
1009 3650 1126 3724 ullam,
1155 3660 1313 3726 reputans,

220 3729 299 3788 milei
308 3729 478 3789 Clematum
491 3733 651 3810 imperium
663 3734 774 3792 iterum
786 3735 886 3794 volem
898 3735 1057 3815 lubensque
1071 3755 1157 3792 onute
1165 3733 1314 3818 tradidit,

221 3812 403 3895 addiditque
415 3819 508 3874 etiam
515 3819 742 3896 praefecturam
754 3829 864 3895 totam,
887 3831 915 3877 et
929 3841 963 3878 ex
977 3821 1076 3898 ipsius
1093 3822 1214 3899 regione
1229 3819 1316 3880 redi-

222 3911 273 3960 tus
288 3921 406 3961 artnuos
425 3899 548 3962 idoneos
570 3903 704 3984 largitus
724 3913 775 3962 est.
819 3905 931 3964 Desinit
956 3903 1007 3964 hic
1026 3905 1214 3985 praeclarum
1236 3907 1315 3966 issud

220 3987 402 4070 plenumque
419 4007 520 4048 rerum
540 4008 686 4048 noverum
709 3990 921 4069 fragmentum:
951 3991 1034 4068 quod
1051 3990 1076 4050 si
1100 3993 1313 4050 commentatio

219 4069 399 4152 scriptisve,
420 4071 501 4130 unde
513 4083 628 4149 menet,
647 4074 762 4152 integra
776 4083 899 4136 aetatem
914 4078 1048 4150 tulisset,
1070 4095 1126 4134 nse
1138 4083 1217 4135 tunc
1230 4075 1313 4136 haud

219 4159 311 4236 paulo
325 4157 411 4238 plue,
433 4177 521 4236 quam
540 4178 639 4234 nunc,
662 4158 804 4222 sciremus
828 4161 864 4223 de
885 4161 1009 4222 historie
1031 4161 1206 4224 Chersonesi
1230 4163 1312 4223 Tau-

253 4337 282 4404 ‘J
302 4336 347 4391 sie
356 4338 428 4394 'eon
