2786 4620
148 313 211 382 DE
231 309 386 380 EXPED.
406 307 494 380 stu
514 307 599 378 ΜΟ.
618 309 745 376 PHOC.
765 309 826 377 ET
846 309 905 378 10.
924 248 1044 379 rzln.
1086 301 1164 377 898

69 472 139 555 ln),
159 469 352 534 scribendum
365 487 427 530 osse
441 467 479 529 sd
492 467 701 550 imperatorem
713 478 743 530 et
761 469 866 530 ducem
880 469 1048 550 copiarum,
1071 479 1104 530 ut
1118 470 1163 550 tri,

9 593 10 598 ¹
71 575 110 636 de
126 593 160 634 re
177 573 319 635 notiora
331 572 416 649 iacti,
438 573 526 632 rebus
542 569 604 630 suis
619 572 817 632 consulerent.
859 573 911 632 Sin
926 581 1023 632 nonem
1038 574 1180 654 expedi-v

70 673 185 736 tionem
200 675 356 736 interram
370 669 682 734 Multammedanorum
697 673 845 754 suscipere
855 673 888 732 in
910 675 1006 734 animo
1020 673 1164 738 haberent

71 775 236 858 imperator
252 785 282 835 et
300 776 361 838 dux
380 775 533 855 copiarum
548 778 766 854 Romanorum,
788 775 904 836 obviam
922 777 1052 840 eundum
1071 801 1164 842 essee

71 879 224 959 Baodjuro
235 876 376 958 usquead
389 877 498 956 locum,
509 879 561 940 ubi
572 881 750 961 imperatum
765 879 792 940 ei
806 880 927 958 iuiatet3
942 883 1166 965 atqueliacdju·

71 1002 108 1042 ro
130 982 297 1040 Romanum
317 999 374 1059 per
395 977 538 1040 ditionem
554 982 638 1060 penis
653 983 822 1054 comitante,
842 1003 905 1044 nou
920 982 1089 1062 fugiendum
1103 1003 1166 1045 esse

9 1125 11 1130 ,
72 1083 112 1144 ab
128 1081 237 1142 ineolis
251 1082 406 1161 vicorum,
431 1082 472 1141 ita
488 1090 523 1140 ut
544 1091 653 1144 emeret
675 1085 821 1145 exereitus
836 1088 987 1146 Romanus
1011 1106 1068 1166 quo
1091 1103 1166 1167 opus

9 1213 10 1220 ¹
75 1183 105 1246 ei
117 1192 205 1261 uret,
225 1194 342 1266 praeter
354 1193 563 1266 stramentum,
586 1187 666 1268 quod
689 1209 745 1270 pro
761 1211 842 1250 more
854 1189 961 1250 bellico
982 1187 1065 1249 nulla
1079 1187 1164 1248 solu-

9 1301 10 1344 3
73 1284 156 1346 tione
168 1287 244 1346 lacta
259 1287 508 1370 suppeditandum
529 1299 623 1367 esset,
646 1311 663 1349 a
683 1291 760 1350 duca
774 1291 1087 1355 Muhommedanorum
1109 1311 1165 1352 ur-

73 1409 131 1469 qut
147 1389 186 1450 ad
199 1389 273 1450 fines
288 1390 406 1451 obvium
420 1409 481 1453 ease
500 1391 633 1454 eundum
647 1392 740 1473 copiis
754 1395 911 1472 Romania,
930 1405 966 1454 ut
987 1394 1027 1456 eis
1047 1403 1166 1474 praesto

74 1501 166 1558 essets
186 1512 262 1570 quiae
276 1508 370 1572 quum
383 1502 469 1553 extra
489 1494 563 1554 fines
578 1484 709 1574 egressae
730 1505 841 1572 essent,
857 1494 977 1554 licitum
987 1501 1051 1555 ‘erse
1061 1495 1164 1556 Emito

73 1590 107 1650 in
123 1591 264 1653 ditionem
278 1613 362 1654 suam
376 1596 494 1656 reverti.
530 1596 561 1654 Si
578 1596 796 1678 expeditionem
811 1597 942 1656 lacerant
953 1590 1077 1657 Romani
1090 1607 1174 1656 con-‘

9 1737 11 1746 J
71 1701 120 1754 tro
138 1705 249 1780 sentum
268 1696 304 1754 ab
326 1696 448 1758 Iolamo.
462 1693 892 1781 diversam‚l,ooniungendum
919 1718 979 1758 essa
1001 1700 1165 1760 exercitum

70 1793 167 1858 Emiri
179 1819 249 1860 oum
262 1799 396 1860 Romano
411 1807 440 1860 et
456 1791 631 1862 consociatio
647 1803 737 1864 armir
751 1801 962 1879 dimicandum,
983 1810 1051 1862 utut
1067 1801 1166 1863 insane

70 1899 165 1960 luerit
187 1900 314 1963 unitus.
364 1901 398 1962 si
424 1902 521 1981 quivis
544 1923 582 1964 ex
604 1903 755 1966 Muslemis
775 1903 947 1982 religionem
969 1903 1166 1964 Gluistionam

71 2002 228 2082 amplexus
242 2002 359 2081 luiseot,
378 2003 424 2064 nil
438 2014 542 2064 contro
556 2024 622 2065 snm
635 2006 809 2086 permissum
823 2005 1049 2082 essolluslemis,
1070 2023 1165 2086 nequo

72 2101 251 2164 Christianis
266 2106 443 2186 permissum
457 2125 521 2167 esse
533 2107 606 2187 quid
626 2115 730 2166 contro
745 2105 907 2186 quemlibet
922 2107 1165 2187 Christianorum,

76 2203 177 2284 quiin
191 2203 389 2268 Muslemicam
400 2209 552 2270 transierit
564 2220 682 2272 rectam.
725 2209 756 2267 Si
774 2227 893 2285 servus,
916 2205 1101 2269 Christianus
1115 2230 1167 2270 eeu

74 2303 282 2387 Muslemicus,
303 2309 353 2372 vir
371 2311 433 2372 sive
451 2313 596 2389 foemina,
620 2312 654 2372 in
670 2332 732 2372 eam
754 2331 842 2390 quam
861 2308 1049 2372 delinivimus
1067 2312 1167 2391 regio-

73 2427 145 2468 nem
164 2428 202 2468 ex
216 2411 272 2471 slis
287 2413 464 2492 aufugisset,
485 2413 566 2476 haud
582 2413 738 2474 celandum
753 2432 814 2473 osee
831 2411 1024 2490 aMuslnnis,
1044 2415 1094 2474 sed
1116 2414 1168 2473 in·

74 2510 253 2590 dicandum
274 2523 341 2574 tum
366 2515 543 2576 solvendum
558 2535 650 2575 aasea
673 2514 793 2574 domino
813 2514 940 2594 pretinm
963 2519 1005 2581 36
1027 2502 1169 2576 denario-

74 2631 145 2674 rum
160 2635 216 2694 pro
233 2635 283 2694 eo,
305 2616 331 2676 ei
342 2617 397 2677 vir
406 2627 494 2697 esest,
516 2639 572 2701 pro
586 2617 713 2679 foemina
724 2623 766 2684 ΞΟ
781 2616 919 2677 denarios
933 2618 1091 2694 Romanos,
1110 2595 1172 2698 pro'

75 2735 171 2796 puero
193 2716 258 2778 sire
277 2719 377 2798 puella
404 2724 460 2798 163
482 2721 647 2780 sinautem
669 2741 731 2782 non
752 2720 917 2804 possideret
932 2717 1094 2802 (dominus)
1110 2701 1169 2798 uuo

75 2817 205 2880 solveret
217 2820 344 2901 pretium
357 2821 558 2901 liberationis,
579 2845 595 2884 a
609 2823 729 2883 domino
742 2823 902 2906 solvendos
914 2842 976 2884 esse
1000 2831 1061 2882 tres
1075 2821 1170 2882 dono-

74 2922 153 2994 rios‚
177 2923 284 3001 quibus
302 2922 338 2982 ab
350 2923 451 2986 Emito
474 2925 621 3006 acceptis,
641 2925 862 2986 restituendum
884 2943 946 2985 este
965 2943 1094 2986 servum.
1136 2923 1175 2984 si·

74 3023 246 3104 baptizatus
258 3033 351 3101 met,
372 3025 425 3103 qui
440 3027 617 3108 aufugisset,
639 3026 721 3087 haud
733 3027 824 3088 licere
833 3025 984 3086 Muslomis
1006 3043 1074 3083 enm
1091 3024 1169 3083 roti-

75 3145 158 3204 nere,
172 3125 226 3186 aed
238 3124 429 3207 pendendum
441 3149 505 3189 esso
518 3129 620 3189 Emiro
635 3150 652 3187 a
666 3128 796 3206 domino,
810 3128 890 3209 quod
906 3126 1052 3187 sancitum
1067 3124 1168 3202 suerit,

77 3247 138 3309 quo
148 3229 246 3306 lacto,
266 3229 484 3289 restituendum
501 3251 563 3289 esso
574 3251 703 3294 servum.
734 3230 766 3290 Si
780 3229 852 3310 quid
864 3249 902 3290 ex
915 3229 1029 3289 ditione
1036 3227 1169 3287 Romane

77 3331 127 3391 sur
139 3329 288 3410 rapuisset
301 3340 331 3392 et
344 3334 415 3411 fuga
437 3351 469 3392 re
483 3332 697 3408 subtraxisset,
723 3331 902 3394 mittendum
925 3349 988 3392 esse
1008 3330 1045 3389 ob
1067 3329 1169 3390 Emiro

78 3432 118 3492 ed
128 3432 235 3494 ducem
247 3433 396 3494 exeroitus
406 3433 551 3505 Romani„
565 3443 601 3493 ut
611 3453 721 3515 poenas
735 3435 840 3498 luerat
870 3435 904 3494 Si
914 3409 1064 3495 nonanus
1076 3429 1171 3510 regio-

76 3555 131 3596 nes
145 3534 332 3595 Muslemicns
345 3535 496 3613 rinitoret,
517 3533 600 3595 haud
613 3535 835 3616 impediendum
851 3555 915 3596 esse
928 3555 945 3594 a
963 3534 1083 3615 negotio
1108 3554 1171 3596 suo.
1252 3511 1256 3530 Ι

77 3638 110 3698 si
127 3638 299 3718 speculator
314 3657 351 3698 ex
369 3638 481 3698 ditione
493 3637 665 3698 Muslernioa
676 3639 837 3698 Romanam
857 3639 971 3698 intrare
989 3637 1097 3712 vellet,
1119 3655 1172 3700 nr·

76 3738 247 3822 ripiendum
269 3759 331 3800 essa
355 3749 385 3800 et
401 3740 433 3800 in
453 3739 573 3802 vincula
598 3739 825 3801 coniiciendum.
867 3739 954 3800 Haud
979 3737 1172 3800 excidendum

76 3861 140 3904 esse
154 3841 329 3904 aMuslomis
344 3862 454 3919 arcem,
475 3863 533 3902 nec
542 3863 653 3904 novam
662 3841 887 3921 exstruendum,
910 3841 992 3922 quod
1004 3849 1104 3902 autem
1117 3861 1174 3899 ex-

77 3946 172 4008 oisom
187 3946 308 4023 luisset,
329 3945 556 4006 restaurandum
571 3966 642 4009 esso.
683 3945 805 4006 Nullum
821 3944 955 4004 Etuirum
969 3943 1174 4005 Muslemicum

78 4067 134 4108 uto
155 4047 362 4129 recipiendum
383 4067 448 4107 esso
475 4048 660 4108 siluolemis
675 4066 771 4127 neque
789 4039 826 4104 ub
847 4045 910 4106 ullo
933 4065 1036 4106 eorum
1058 4051 1176 4124 praeter

77 4149 258 4231 Baedjurum
271 4159 301 4211 ot
311 4148 480 4230 Karglrujah
494 4148 602 4210 litteris
624 4167 685 4210 essa
702 4145 881 4210 adeundum.
922 4145 978 4206 His
986 4137 1177 4228 (Karghujeh

77 4259 106 4311 et
132 4247 296 4338 Bacdjuro)
319 4252 445 4313 mortuis
466 4251 549 4311 haud
572 4252 664 4312 licere
683 4249 835 4313 Muslemia
855 4246 990 4310 Ettritum
1017 4265 1033 4306 e
1056 4245 1177 4325 regione

76 4353 246 4416 Muslenrioa
264 4375 410 4418 arcessere
440 4376 538 4436 neque
559 4355 595 4413 ub
617 4348 708 4434 (eliis)
729 4351 879 4412 Muslemis
903 4348 1047 4411 auxilium
1065 4357 1147 4431 peter
