2802 4624
314 314 361 395 tu
380 317 539 392 anons
557 317 740 389 utscous
757 317 835 390 uu.
855 319 912 392 us
1072 311 1147 388 eus

62 475 155 536 nens
171 477 277 537 asima
297 495 364 534 mea
384 471 752 551 trrbaraeet‚11.1eeo·
773 473 809 541 L
833 467 905 540 odii
927 470 1001 542 bosv
1023 471 1151 546 tutia

58 557 118 641 τὴν
130 567 212 644 χεῖρα
223 557 281 643 τήν
298 557 495 642 ἤνιοχοῦσαν·
518 559 581 618 Neo
595 569 745 638 quantum
757 562 912 640 astupeant
923 581 1063 641 manum,
1083 585 1149 645 qua

55 647 152 724 regit,
174 648 330 728 inflectere.
372 644 512 724 Treduo,
532 665 569 703 ne
580 645 738 703 tantillum
754 645 876 725 quidem
890 667 1016 706 manum
1029 670 1150 728 quaer.

6 733 8 740 '
55 729 220 810 inflectere.-
240 731 275 792 id
290 728 370 790 enine
381 729 483 791 velere
495 746 586 790 voces
600 723 672 796 ov'bi
684 727 758 794 ὅσον
771 731 821 794 vel
831 729 980 792 tironibus
990 751 1078 815 'nune
1090 753 1148 794 no-

53 823 120 876 tum
135 825 188 876 est.
348 823 350 826 '

142 897 220 962 ibid.
242 895 311 958 ead.
330 897 385 958 lin.
406 899 449 984 epi
463 889 570 984 eibpo'p
585 899 642 979 τῆς
655 890 804 982 irretirer]
823 897 920 961 Habet
933 899 1041 981 pessisn
1052 899 1147 981 signi·

8 1047 14 1058 ,
54 981 210 1043 ficationes
223 980 361 1042 difficiles
374 991 511 1042 neutrum
525 976 652 1063 teptis.
678 983 767 1045 vetut
778 984 811 1044 in
822 984 890 1044 loeo
901 984 1093 1064 Hermogenis
1107 985 1146 1046 eb

54 1067 197 1128 Ernestio
216 1063 443 1165 Lexio31hetor.
462 1085 526 1126 non
539 1067 706 1165 illustrato,
728 1069 771 1130 De
782 1067 957 1130 inventione
977 1071 1027 1140 94.
1040 1071 1077 1132 Β.
1092 1068 1146 1131 nbi

55 1151 1146 1322 1511811111ῶῖἵᾶ’.ῖὲξὲὲὶΡέξέἕΞΕΒΒῗΒΒῑΞῖὲξῖ
1232 1315 1242 1324 ,

54 1320 171 1381 Deinde
190 1320 294 1426 peusis
310 1319 491 1381 interiectis:
512 1325 571 1384 Δεῖ
590 1316 624 1383 ii
640 1315 673 1384 eb
685 1323 741 1384 rosi
761 1313 881 1400 ἁθρόου
896 1318 973 1403 apia
989 1319 1024 1386 sd
1038 1322 1146 1403 μέλλον

53 1409 156 1469 ποιεῖν
169 1427 253 1482 rore,
263 1399 349 1470 ,ὅταν
363 1399 386 1486 ἢ
397 1400 432 1470 so*
450 1398 647 1486 pudendam
660 1399 784 1490 yepovo'e
796 1407 884 1468 τοῦτο
899 1401 1019 1486 συμβὰν
1032 1402 1073 1485 μὴ
1088 1431 1146 1470 na·

51 1491 126 1552 Deis
148 1483 241 1552 πάλιν
266 1483 499 1571 φυλαττόμεθα,
526 1484 640 1570 ibive
659 1487 694 1554 ro*
714 1479 790 1553 adsi
809 1485 974 1574 πράττηται
993 1483 1146 1564 πολλάκις.

51 1573 138 1648 Quse
151 1573 184 1636 iu
196 1573 465 1656 vulgetis'pessisne
476 1593 560 1635 verse
575 1580 647 1634 sunt
659 1573 718 1634 sio:
739 1575 791 1634 Ea
805 1579 883 1654 quae
892 1584 1020 1634 vocatur
1033 1572 1147 1637 divisio

49 1649 196 1738 temporis
205 1661 385 1722 continuati.
428 1657 469 1720 lit
482 1668 602 1740 postes:
627 1659 751 1739 Oportet
763 1662 862 1740 igitsa
875 1662 909 1719 in
923 1661 1148 1719 continuatione

49 1747 193 1822 temporis
217 1764 357 1823 separare
374 1755 491 1824 tempus
501 1745 668 1822 futurum,
696 1755 732 1804 ut
752 1765 913 1814 caveamus
929 1765 966 1804 ne
980 1747 1145 1824 patiamur

49 1831 159 1888 iterum
183 1849 322 1909 unquam
345 1831 408 1889 tale
427 1827 520 1910 quid,
541 1831 721 1910 praesertim
746 1832 777 1888 si
799 1827 883 1890 mut
901 1831 1025 1908 saepius
1039 1830 1142 1908 fuerit
1157 1829 1190 1888 P.
1204 1827 1257 1890 946

50 1916 254 1974 semmurum.
295 1913 387 1974 Vides
409 1914 604 1994 interpretem
626 1914 810 1974 oonlrmdere
832 1933 916 1976 cesus
933 1915 1009 1976 duos
1030 1913 1146 1975 distin-

50 2007 123 2062 ctos.
165 1999 276 2066 Sensus
293 2005 353 2059 ests
375 2017 454 2077 quae
469 2017 533 2080 voe.
548 1993 721 2058 subdivisio
737 2001 880 2078 temporie
895 2001 1052 2076 confertim
1067 1998 1145 2081 (ool-

6 2097 7 2100 ’
48 2084 164 2142 lective'
191 2083 338 2160 spectati,
358 2081 485 2140 relative
498 2079 544 2138 ad
552 2081 707 2156 futursun.
748 2082 788 2143 Et
804 2083 925 2144 deinde:
950 2085 1073 2162 Oportet
1086 2103 1146 2144 au·

46 2177 111 2226 tem
169 2164 269 2225 bibere
282 2164 363 2224 banc
375 2163 489 2227 exordii
492 2161 651 2242 sormam,
673 2168 816 2244 temporie
828 2167 979 2225 collective
989 2169 1085 2225 sumti
1099 2188 1145 2226 re-

46 2253 148 2311 lative
165 2247 211 2307 ad
218 2252 379 2328 saturent,
401 2245 524 2330 quando
536 2250 588 2308 vel
599 2247 728 2330 aliquid
744 2251 872 2330 contigit
887 2247 972 2331 quod
984 2269 1145 2330 nunquam

46 2337 237 2416 contigerat,
259 2333 351 2414 idque
365 2353 547 2418 praecavere
562 2333 722 2409 volumus,
743 2355 781 2394 ne
799 2354 910 2394 rursus
932 2331 1072 2410 aecidat,
1094 2333 1146 2396 vel

44 2417 177 2504 quando
191 2419 250 2479 lsoo
269 2417 351 2478 idem
369 2421 495 2500 caepisse
509 2421 667 2500 contingit.
709 2415 786 2480 Vide
799 2437 873 2498 quae
887 2427 1057 2498 sequuntur
1071 2419 1144 2485 164.

44 2509 86 2570 Δ.
104 2505 142 2566 de
158 2503 362 2564 subdivisione
376 2497 491 2588 eibpbov
505 2505 548 2580 ele
566 2497 684 2567 aneti.
724 2503 821 2578 Quem
837 2501 1037 2583 quaestionem
1053 2503 1144 2562 eliss-

11 2589 18 2600 '
47 2609 109 2672 que
124 2588 234 2650 similes
248 2589 418 2670 eomplures
437 2588 587 2669 explicere
599 2587 733 2649 oonebor
747 2587 781 2647 in
799 2587 929 2648 editione
943 2586 1144 2667 Hermogenis,

46 2676 103 2736 ubi
119 2693 187 2734 eum
204 2693 283 2734 nove
301 2674 438 2736 versione
452 2681 483 2733 et
497 2672 716 2733 commentariis
730 2693 799 2733 mss.
816 2673 943 2753 luceque
963 2671 1144 2750 dignissimis
1167 2685 1171 2692 '

48 2761 86 2821 in
107 2750 291 2818 bibliothece
312 2759 401 2839 Regis
421 2757 576 2819 reservetis
589 2757 760 2836 vulgavere.
798 2755 880 2818 tlibi
903 2751 1022 2840 α’θρόον
1034 2751 1144 2818 'uotum

50 2853 100 2905 est
114 2841 222 2903 hebere
236 2842 299 2904 vim
314 2843 447 2904 adverbii
466 2839 584 2917 subito}
608 2853 733 2922 repente.
768 2843 827 2902 Leo
844 2850 946 2902 noster
965 2845 1036 2908 108.
1060 2841 1095 2902 Β.
1112 2846 1144 2898 et

51 2933 126 2997 110.
147 2929 182 2987 s.
197 2926 336 3007 ogau..
359 2929 471 2992 urerer.
492 2931 544 2995 ee.
559 2928 594 2990 u.
609 2915 662 2994 'ee
684 2927 715 2988 e
738 2925 789 2994 25.
811 2927 845 2990 u.
869 2927 904 2989 o.
920 2917 972 2993 ee:
988 2927 1021 2988 u.
1037 2931 1090 2992 er.
1105 2920 1142 2982 s.

50 3015 103 3082 34.
118 3011 150 3076 0.
163 3015 213 3080 87.
222 3013 253 3074 0.
267 3015 318 3081 88.
334 3013 366 3072 Β.
377 3013 428 3080 41.
442 3014 475 3076 Β.
492 3010 544 3080 42.
555 3012 589 3074 Δ.
603 3012 654 3079 60.
671 3012 703 3074 0.
718 3011 768 3078 68.
779 3013 815 3071 D.
833 3011 883 3077 67.
892 3012 925 3071 Δ.
936 3010 986 3075 68.
1000 3009 1033 3070 D.
1047 3012 1097 3074 70.
1107 3007 1143 3066 D.

50 3103 104 3166 76.
123 3097 159 3159 Β.
181 3103 232 3165 79.
249 3097 282 3157 0.
298 3101 348 3166 80.
363 3097 397 3161 Δ
415 3101 466 3164 82.
481 3097 514 3157 Δ.
536 3095 588 3166 94.
602 3096 637 3160 Δ.
656 3099 706 3164 98.
724 3096 755 3156 0.
771 3101 822 3164 99.
836 3095 873 3157 Β.
891 3097 961 3160 101.
976 3093 1006 3154 0.
1022 3096 1091 3157 102.
1110 3091 1141 3150 (i.

53 3185 125 3248 108.
143 3179 178 3241 Δ.
193 3182 264 3249 104.
280 3181 315 3242 Δ.
338 3186 407 3249 111.
420 3181 455 3239 D·
473 3185 544 3248 112.
557 3181 591 3239 Α.
607 3183 677 3247 118.
690 3179 725 3242 Β.
741 3179 811 3246 114.
828 3179 859 3239 0.
880 3177 950 3244 124.
967 3175 1002 3237 Β.
1020 3179 1090 3242 127.
1105 3169 1172 3238 ult

53 3271 126 3336 129.
141 3265 177 3327 Β.
195 3269 267 3333 186.
283 3265 317 3326 Δ.
336 3265 454 3334 14011.
471 3265 541 3332 146.
556 3263 590 3324 Δ.
604 3263 674 3330 148.
691 3264 725 3322 D.
745 3263 815 3330 161.
828 3264 864 3322 D.
880 3262 950 3329 164.
968 3260 1002 3322 Α.
1024 3265 1093 3327 162.
1106 3261 1143 3322 D.

53 3351 126 3418 164.
148 3351 183 3413 Δ.
200 3355 269 3419 169.
290 3350 325 3410 Δ.
345 3356 415 3419 171.
431 3349 465 3410 Β.
483 3351 513 3410 8.
534 3349 658 3409 loannes
676 3347 905 3428 chrysostomus
924 3344 1066 3406 Oratione
1085 3363 1143 3410 vn.

55 3436 97 3494 sd
112 3433 245 3494 Corinth.
258 3435 308 3496 ΙΙΙ.
323 3439 394 3504 288.
407 3456 429 3500 1.
444 3433 576 3494 Homiliu
588 3453 679 3494 xm.
695 3431 727 3492 in
740 3435 769 3492 S.
784 3429 891 3494 blattis.
908 3430 929 3493 l.
943 3431 1015 3498 857.
1029 3429 1060 3487 C.
1077 3425 1142 3512 (ubi

51 3521 203 3598 interpres
229 3519 349 3582 Latinus
366 3521 429 3581 vim
449 3519 513 3580 eins
534 3539 597 3579 nou
618 3513 788 3599 expressit).
829 3515 982 3577 Heliodor.
1002 3511 1141 3593 Aethiop.

51 3605 126 3671 402
144 3603 180 3666 Β.
221 3603 291 3662 ideo
313 3603 506 3684 corrigendus
523 3603 649 3664 loannes
668 3599 852 3683 Philoponus
871 3601 914 3662 De
931 3599 1036 3661 mundi
1050 3603 1140 3659 erest·

49 3691 125 3758 238.
142 3687 177 3747 B.
199 3685 236 3746 de
255 3685 425 3750 hominibus
444 3687 612 3749 incredibili
631 3687 779 3748 celeritste
797 3684 1004 3766 cogitationem
1022 3703 1038 3742 e
1054 3679 1140 3743 need

50 3791 117 3835 rem
130 3770 331 3852 rapientibus,
356 3773 389 3836 iv
401 3773 517 3848 ievroia
533 3772 646 3854 ἔχοντες
656 3768 712 3835 siv
729 3773 805 3835 vosiv
818 3765 872 3835 niv
886 3770 999 3834 οἰκεῖον
1014 3759 1138 3848 ivpiev,
1170 3787 1173 3794 '

53 3853 219 3938 ἀλλαχόθεν
234 3850 362 3936 6116χοῦ
376 3853 593 3938 μεθιστάμεθα.
618 3845 774 3918 belthasar
789 3854 962 3916 Corderiuse
978 3853 1140 3932 propriam
1200 3905 1204 3914 .

53 3953 180 4002 mentem
198 3945 231 4001 in
245 3941 422 4022 nobisipsis
438 3944 593 4002 collectam
613 3942 790 4019 obtinentes,
812 3936 940 3999 aliunde
957 3939 1020 3995 alio
1033 3947 1140 3993 trane-

45 4030 193 4106 serimur.
235 4028 294 4087 sed
308 4027 439 4108 virgula,
460 4047 535 4107 quae
556 4037 625 4109 post
641 4021 760 4110 ἀθρόον
776 4034 835 4102 est,
858 4019 1085 4106 ‘praeponendm
1108 4021 1152 4076 et·

52 4112 230 4174 vertendum
250 4114 308 4173 sio:
325 4133 376 4194 pr.
398 4122 523 4170 mentem
538 4114 571 4172 in
590 4111 677 4172 notu
694 4111 849 4188 babentes,
867 4115 983 4189 puncto
1000 4102 1142 4180 temporis

55 4194 183 4256 aliunde
202 4199 265 4256 alio
288 4200 523 4275 transferimus.¹
553 4198 620 4272 Quo
641 4195 745 4256 eodem
758 4214 848 4258 sensu
866 4185 986 4277 sibpios
1002 4207 1021 4246 e
1037 4185 1143 4248 Philo·

55 4301 139 4363 pono
151 4291 315 4364 usurpetur
327 4283 414 4364 olibi,
434 4282 520 4352 velut
534 4287 607 4353 279.
622 4280 659 4343 Δ.
673 4289 704 4344 et
717 4281 750 4346 G.
