<?xml version="1.0" encoding="UTF-8"?>
<!DOCTYPE html PUBLIC "-//W3C//DTD XHTML 1.0 Transitional//EN"
    "http://www.w3.org/TR/xhtml1/DTD/xhtml1-transitional.dtd">
<html xmlns="http://www.w3.org/1999/xhtml" xml:lang="en" lang="en">
 <head>
  <title>
</title>
<meta http-equiv="Content-Type" content="text/html;charset=utf-8" />
  <meta name='ocr-system' content='tesseract 3.04.00' />
  <meta name='ocr-capabilities' content='ocr_page ocr_carea ocr_par ocr_line ocrx_word'/>
</head>
<body>
  <div class='ocr_page' id='page_1' title='image "./leonisdiaconica00theogoog_0379.png"; bbox 0 0 2786 4620; ppageno 0'>
   <div class='ocr_carea' id='block_1_1' title="bbox 511 317 1177 391">
    <p class='ocr_par' dir='ltr' id='par_1_1' title="bbox 511 317 1177 391">
     <span class='ocr_line' id='line_1_1' title="bbox 511 317 1177 391; baseline 0 -3"><span class='ocrx_word' id='word_1_1' title='bbox 511 321 745 391; x_wconf 83' lang='lat' dir='ltr'><strong>DIALOGUS.</strong></span> <span class='ocrx_word' id='word_1_2' title='bbox 1105 317 1177 390; x_wconf 77' lang='lat'>331</span> 
     </span>
    </p>
   </div>
   <div class='ocr_carea' id='block_1_2' title="bbox 1 478 1294 2929">
    <p class='ocr_par' dir='ltr' id='par_1_2' title="bbox 1 478 1294 2929">
     <span class='ocr_line' id='line_1_2' title="bbox 285 478 812 573; baseline 0.009 -26"><span class='ocrx_word' id='word_1_3' title='bbox 285 478 320 548; x_wconf 74' lang='grc' dir='ltr'>ἳν</span> <span class='ocrx_word' id='word_1_4' title='bbox 340 483 373 548; x_wconf 79' lang='grc' dir='ltr'>ἕκ</span> <span class='ocrx_word' id='word_1_5' title='bbox 391 489 500 571; x_wconf 80' lang='grc' dir='ltr'><strong><em>τριῶν,</em></strong></span> <span class='ocrx_word' id='word_1_6' title='bbox 528 486 578 550; x_wconf 77' lang='grc' dir='ltr'>καὶ</span> <span class='ocrx_word' id='word_1_7' title='bbox 596 485 629 563; x_wconf 74' lang='grc' dir='ltr'>ἕξ</span> <span class='ocrx_word' id='word_1_8' title='bbox 650 483 717 561; x_wconf 70' lang='lat' dir='ltr'>iric</span> <span class='ocrx_word' id='word_1_9' title='bbox 731 487 812 573; x_wconf 88' lang='grc' dir='ltr'><strong><em>τρία,</em></strong></span> 
     </span>
     <span class='ocr_line' id='line_1_3' title="bbox 1 584 1225 674; baseline 0.003 -23"><span class='ocrx_word' id='word_1_10' title='bbox 1 667 2 670; x_wconf 9' lang='lat'>¹</span> <span class='ocrx_word' id='word_1_11' title='bbox 285 591 386 652; x_wconf 77' lang='grc' dir='ltr'><strong><em>’ταῦτα</em></strong></span> <span class='ocrx_word' id='word_1_12' title='bbox 402 584 502 672; x_wconf 85' lang='grc' dir='ltr'><strong><em>νόμιζε</em></strong></span> <span class='ocrx_word' id='word_1_13' title='bbox 519 593 624 672; x_wconf 79' lang='grc' dir='ltr'><strong><em>Ζῆνα,</em></strong></span> <span class='ocrx_word' id='word_1_14' title='bbox 650 585 738 654; x_wconf 76' lang='grc' dir='ltr'><strong><em>τόνδ’</em></strong></span> <span class='ocrx_word' id='word_1_15' title='bbox 755 586 832 674; x_wconf 76' lang='grc' dir='ltr'>ἡγοῦ</span> <span class='ocrx_word' id='word_1_16' title='bbox 845 586 930 655; x_wconf 76' lang='grc' dir='ltr'><strong><em>θεόν.</em></strong></span> <span class='ocrx_word' id='word_1_17' title='bbox 1217 655 1225 669; x_wconf 77' lang='lat'>‚</span> 
     </span>
     <span class='ocr_line' id='line_1_4' title="bbox 77 687 1183 779; baseline 0.004 -23"><span class='ocrx_word' id='word_1_18' title='bbox 77 694 198 760; x_wconf 82' lang='grc' dir='ltr'><strong><em>ΚΡΙΤ.</em></strong></span> <span class='ocrx_word' id='word_1_19' title='bbox 225 687 398 777; x_wconf 77' lang='grc' dir='ltr'><strong><em>Ἀριθμίαν</em></strong></span> <span class='ocrx_word' id='word_1_20' title='bbox 420 717 459 772; x_wconf 85' lang='grc' dir='ltr'>με</span> <span class='ocrx_word' id='word_1_21' title='bbox 487 689 658 772; x_wconf 73' lang='grc' dir='ltr'><strong><em>διδάσκεις,</em></strong></span> <span class='ocrx_word' id='word_1_22' title='bbox 686 693 736 756; x_wconf 79' lang='grc' dir='ltr'>καὶ</span> <span class='ocrx_word' id='word_1_23' title='bbox 752 689 842 778; x_wconf 81' lang='grc' dir='ltr'><strong><em>ὅρκος</em></strong></span> <span class='ocrx_word' id='word_1_24' title='bbox 859 688 878 776; x_wconf 79' lang='grc' dir='ltr'><em>ἦ</em></span> <span class='ocrx_word' id='word_1_25' title='bbox 897 691 1095 779; x_wconf 73' lang='grc' dir='ltr'><strong><em>ἀριθμητική.</em></strong></span> <span class='ocrx_word' id='word_1_26' title='bbox 1131 698 1183 760; x_wconf 77' lang='grc' dir='ltr'>καὶ</span> 
     </span>
     <span class='ocr_line' id='line_1_5' title="bbox 1 783 1200 882; baseline 0.003 -22"><span class='ocrx_word' id='word_1_27' title='bbox 1 797 2 800; x_wconf 58' lang='grc'>’</span> <span class='ocrx_word' id='word_1_28' title='bbox 79 783 306 881; x_wconf 76' lang='grc' dir='ltr'><strong><em>γάρᾶριθμίεις</em></strong></span> <span class='ocrx_word' id='word_1_29' title='bbox 319 789 360 868; x_wconf 83' lang='grc' dir='ltr'>ὦς</span> <span class='ocrx_word' id='word_1_30' title='bbox 367 791 547 877; x_wconf 85' lang='grc' dir='ltr'><strong><em>Νικόμαχος</em></strong></span> <span class='ocrx_word' id='word_1_31' title='bbox 561 791 577 860; x_wconf 83' lang='grc' dir='ltr'><strong><em>ό</em></strong></span> <span class='ocrx_word' id='word_1_32' title='bbox 590 798 621 859; x_wconf 90' lang='grc' dir='ltr'>Γ</span> <span class='ocrx_word' id='word_1_33' title='bbox 618 787 775 880; x_wconf 74' lang='grc' dir='ltr'><strong><em>τρασηνός.</em></strong></span> <span class='ocrx_word' id='word_1_34' title='bbox 805 793 860 859; x_wconf 78' lang='grc' dir='ltr'>οὐκ</span> <span class='ocrx_word' id='word_1_35' title='bbox 876 792 944 860; x_wconf 69' lang='grc' dir='ltr'><strong><em>οῖδα</em></strong></span> <span class='ocrx_word' id='word_1_36' title='bbox 960 797 1018 882; x_wconf 80' lang='grc' dir='ltr'><strong><em>μὰρ</em></strong></span> <span class='ocrx_word' id='word_1_37' title='bbox 1033 801 1067 863; x_wconf 86' lang='grc' dir='ltr'>τί</span> <span class='ocrx_word' id='word_1_38' title='bbox 1077 798 1179 882; x_wconf 73' lang='grc' dir='ltr'><strong><em>λέγεις,</em></strong></span> <span class='ocrx_word' id='word_1_39' title='bbox 1197 815 1200 828; x_wconf 84' lang='grc'><strong>“</strong></span> 
     </span>
     <span class='ocr_line' id='line_1_6' title="bbox 1 895 1183 986; baseline 0.01 -31"><span class='ocrx_word' id='word_1_40' title='bbox 1 899 2 976; x_wconf 53' lang='grc' dir='ltr'>ξ</span> <span class='ocrx_word' id='word_1_41' title='bbox 58 896 114 966; x_wconf 70' lang='lat' dir='ltr'>atr</span> <span class='ocrx_word' id='word_1_42' title='bbox 127 901 210 983; x_wconf 86' lang='grc' dir='ltr'><strong><em>τρία,</em></strong></span> <span class='ocrx_word' id='word_1_43' title='bbox 237 898 309 984; x_wconf 86' lang='grc' dir='ltr'><strong><em>τρία</em></strong></span> <span class='ocrx_word' id='word_1_44' title='bbox 328 895 369 962; x_wconf 71' lang='grc' dir='ltr'>λ’ν.</span> <span class='ocrx_word' id='word_1_45' title='bbox 397 895 441 981; x_wconf 82' lang='grc' dir='ltr'>μὴ</span> <span class='ocrx_word' id='word_1_46' title='bbox 456 896 513 980; x_wconf 80' lang='grc' dir='ltr'>τὴν</span> <span class='ocrx_word' id='word_1_47' title='bbox 526 896 691 979; x_wconf 84' lang='grc' dir='ltr'><strong><em>τετρακτδν</em></strong></span> <span class='ocrx_word' id='word_1_48' title='bbox 709 897 770 983; x_wconf 76' lang='grc' dir='ltr'>φῂς</span> <span class='ocrx_word' id='word_1_49' title='bbox 784 897 840 981; x_wconf 76' lang='grc' dir='ltr'>τὴν</span> <span class='ocrx_word' id='word_1_50' title='bbox 854 897 1067 986; x_wconf 70' lang='grc' dir='ltr'><strong><em>Πυθαγόρου,</em></strong></span> <span class='ocrx_word' id='word_1_51' title='bbox 1092 899 1113 984; x_wconf 78' lang='grc' dir='ltr'>ἢ</span> <span class='ocrx_word' id='word_1_52' title='bbox 1127 900 1183 986; x_wconf 82' lang='grc' dir='ltr'>τὴν</span> 
     </span>
     <span class='ocr_line' id='line_1_7' title="bbox 81 996 1184 1090; baseline 0 -23"><span class='ocrx_word' id='word_1_53' title='bbox 81 999 238 1085; x_wconf 82' lang='grc' dir='ltr'><strong><em>όγδοάδα,</em></strong></span> <span class='ocrx_word' id='word_1_54' title='bbox 265 1001 316 1063; x_wconf 81' lang='grc' dir='ltr'>καὶ</span> <span class='ocrx_word' id='word_1_55' title='bbox 332 996 504 1084; x_wconf 74' lang='grc' dir='ltr'><strong><em>τριακάδας</em></strong></span> <span class='ocrx_word' id='word_1_56' title='bbox 532 1001 669 1066; x_wconf 80' lang='grc' dir='ltr'><strong><em>ΊῊΕΦ.</em></strong></span> <span class='ocrx_word' id='word_1_57' title='bbox 697 1003 775 1085; x_wconf 80' lang='grc' dir='ltr'><strong><em>Σίμα</em></strong></span> <span class='ocrx_word' id='word_1_58' title='bbox 791 999 831 1064; x_wconf 86' lang='grc' dir='ltr'>τά</span> <span class='ocrx_word' id='word_1_59' title='bbox 846 1001 948 1086; x_wconf 70' lang='grc' dir='ltr'><strong><em>νέρθε,</em></strong></span> <span class='ocrx_word' id='word_1_60' title='bbox 975 1005 1025 1067; x_wconf 76' lang='grc' dir='ltr'>καὶ</span> <span class='ocrx_word' id='word_1_61' title='bbox 1042 1002 1081 1068; x_wconf 82' lang='grc' dir='ltr'>τοὶ</span> <span class='ocrx_word' id='word_1_62' title='bbox 1098 1011 1184 1090; x_wconf 75' lang='grc' dir='ltr'><strong><em>σιγῆς</em></strong></span> 
     </span>
     <span class='ocr_line' id='line_1_8' title="bbox 81 1091 1184 1191; baseline 0.003 -22"><span class='ocrx_word' id='word_1_63' title='bbox 81 1103 155 1181; x_wconf 78' lang='grc' dir='ltr'><strong><em>άξια</em></strong></span> <span class='ocrx_word' id='word_1_64' title='bbox 163 1153 173 1183; x_wconf 92' lang='grc'><strong><em>,</em></strong></span> <span class='ocrx_word' id='word_1_65' title='bbox 203 1101 256 1168; x_wconf 74' lang='lat' dir='ltr'>oia</span> <span class='ocrx_word' id='word_1_66' title='bbox 268 1100 341 1166; x_wconf 69' lang='grc' dir='ltr'>ἴσθ’</span> <span class='ocrx_word' id='word_1_67' title='bbox 362 1093 421 1167; x_wconf 77' lang='grc' dir='ltr'>ὦδε</span> <span class='ocrx_word' id='word_1_68' title='bbox 431 1111 551 1186; x_wconf 79' lang='grc' dir='ltr'><strong><em>μετρεῖν</em></strong></span> <span class='ocrx_word' id='word_1_69' title='bbox 567 1102 607 1166; x_wconf 88' lang='grc' dir='ltr'>τδ</span> <span class='ocrx_word' id='word_1_70' title='bbox 621 1109 749 1184; x_wconf 78' lang='grc' dir='ltr'><strong><em>ψυλλῶν</em></strong></span> <span class='ocrx_word' id='word_1_71' title='bbox 761 1103 841 1187; x_wconf 81' lang='grc' dir='ltr'><strong><em>ίχνη.</em></strong></span> <span class='ocrx_word' id='word_1_72' title='bbox 875 1091 933 1188; x_wconf 76' lang='grc' dir='ltr'><strong><em>ίγιδ</em></strong></span> <span class='ocrx_word' id='word_1_73' title='bbox 947 1103 1006 1191; x_wconf 74' lang='grc' dir='ltr'><strong><em>γάρ</em></strong></span> <span class='ocrx_word' id='word_1_74' title='bbox 1022 1129 1055 1170; x_wconf 84' lang='grc' dir='ltr'>σε</span> <span class='ocrx_word' id='word_1_75' title='bbox 1070 1105 1184 1183; x_wconf 81' lang='grc' dir='ltr'><strong><em>διδάξω</em></strong></span> 
     </span>
     <span class='ocr_line' id='line_1_9' title="bbox 81 1201 1184 1293; baseline 0.002 -21"><span class='ocrx_word' id='word_1_76' title='bbox 81 1208 117 1272; x_wconf 85' lang='grc' dir='ltr'>τί</span> <span class='ocrx_word' id='word_1_77' title='bbox 138 1205 173 1271; x_wconf 88' lang='grc' dir='ltr'>τδ</span> <span class='ocrx_word' id='word_1_78' title='bbox 197 1211 256 1272; x_wconf 80' lang='grc' dir='ltr'>πᾶν</span> <span class='ocrx_word' id='word_1_79' title='bbox 262 1255 273 1286; x_wconf 94' lang='grc'><strong><em>,</em></strong></span> <span class='ocrx_word' id='word_1_80' title='bbox 301 1206 353 1268; x_wconf 74' lang='grc' dir='ltr'>καὶ</span> <span class='ocrx_word' id='word_1_81' title='bbox 374 1207 423 1280; x_wconf 87' lang='grc' dir='ltr'>τίς</span> <span class='ocrx_word' id='word_1_82' title='bbox 443 1201 460 1270; x_wconf 82' lang='grc' dir='ltr'>ὅ</span> <span class='ocrx_word' id='word_1_83' title='bbox 485 1201 590 1290; x_wconf 81' lang='grc' dir='ltr'><strong><em>πρώην</em></strong></span> <span class='ocrx_word' id='word_1_84' title='bbox 614 1203 757 1287; x_wconf 81' lang='grc' dir='ltr'><strong><em>πάντων,</em></strong></span> <span class='ocrx_word' id='word_1_85' title='bbox 786 1209 836 1270; x_wconf 78' lang='grc' dir='ltr'>καὶ</span> <span class='ocrx_word' id='word_1_86' title='bbox 860 1210 893 1271; x_wconf 89' lang='grc' dir='ltr'>τί</span> <span class='ocrx_word' id='word_1_87' title='bbox 910 1205 945 1272; x_wconf 76' lang='lat' dir='ltr'>acl</span> <span class='ocrx_word' id='word_1_88' title='bbox 971 1205 1113 1293; x_wconf 87' lang='grc' dir='ltr'><strong><em>σόστημα</em></strong></span> <span class='ocrx_word' id='word_1_89' title='bbox 1128 1216 1184 1274; x_wconf 76' lang='grc' dir='ltr'>τοῦ</span> 
     </span>
     <span class='ocr_line' id='line_1_10' title="bbox 81 1303 1183 1397; baseline 0.002 -24"><span class='ocrx_word' id='word_1_90' title='bbox 81 1305 214 1384; x_wconf 86' lang='grc' dir='ltr'><strong><em>παντός.</em></strong></span> <span class='ocrx_word' id='word_1_91' title='bbox 242 1309 293 1371; x_wconf 75' lang='grc' dir='ltr'>καὶ</span> <span class='ocrx_word' id='word_1_92' title='bbox 316 1305 375 1394; x_wconf 73' lang='grc' dir='ltr'><strong><em>γάρ</em></strong></span> <span class='ocrx_word' id='word_1_93' title='bbox 398 1303 504 1392; x_wconf 81' lang='grc' dir='ltr'><strong><em>πρώην</em></strong></span> <span class='ocrx_word' id='word_1_94' title='bbox 519 1307 602 1390; x_wconf 75' lang='grc' dir='ltr'>κάγώ</span> <span class='ocrx_word' id='word_1_95' title='bbox 618 1313 718 1372; x_wconf 80' lang='grc' dir='ltr'><strong><em>ταῦτα</em></strong></span> <span class='ocrx_word' id='word_1_96' title='bbox 739 1308 890 1391; x_wconf 73' lang='grc' dir='ltr'><strong><em>ίπασχον,</em></strong></span> <span class='ocrx_word' id='word_1_97' title='bbox 920 1307 995 1397; x_wconf 78' lang='grc' dir='ltr'><strong><em>άπερ</em></strong></span> <span class='ocrx_word' id='word_1_98' title='bbox 1009 1308 1067 1374; x_wconf 87' lang='grc' dir='ltr'>σά·</span> <span class='ocrx_word' id='word_1_99' title='bbox 1093 1308 1183 1395; x_wconf 79' lang='grc' dir='ltr'><strong><em>ἡνίκα</em></strong></span> 
     </span>
     <span class='ocr_line' id='line_1_11' title="bbox 39 1409 1183 1498; baseline 0 -21"><span class='ocrx_word' id='word_1_100' title='bbox 39 1413 121 1478; x_wconf 69' lang='grc' dir='ltr'>ἱθδέ</span> <span class='ocrx_word' id='word_1_101' title='bbox 133 1437 186 1494; x_wconf 89' lang='grc' dir='ltr'><strong><em>μοι</em></strong></span> <span class='ocrx_word' id='word_1_102' title='bbox 200 1414 366 1486; x_wconf 85' lang='grc' dir='ltr'><strong><em>Γαλιλαῖος</em></strong></span> <span class='ocrx_word' id='word_1_103' title='bbox 379 1411 530 1493; x_wconf 74' lang='grc' dir='ltr'><strong><em>ἕνέτυχιν,</em></strong></span> <span class='ocrx_word' id='word_1_104' title='bbox 559 1409 808 1496; x_wconf 76' lang='grc' dir='ltr'><strong><em>ἀναφαλαντίας,</em></strong></span> <span class='ocrx_word' id='word_1_105' title='bbox 837 1412 1007 1498; x_wconf 73' lang='grc' dir='ltr'><strong><em>ἔπίρρινος,</em></strong></span> <span class='ocrx_word' id='word_1_106' title='bbox 1036 1416 1183 1498; x_wconf 77' lang='grc' dir='ltr'><strong><em>ίςτρίτον</em></strong></span> 
     </span>
     <span class='ocr_line' id='line_1_12' title="bbox 83 1511 1294 1609; baseline 0.004 -30"><span class='ocrx_word' id='word_1_107' title='bbox 83 1513 216 1598; x_wconf 81' lang='grc' dir='ltr'><strong><em>οδριινδν</em></strong></span> <span class='ocrx_word' id='word_1_108' title='bbox 232 1511 456 1599; x_wconf 74' lang='grc' dir='ltr'><strong><em>άιροβατησας,</em></strong></span> <span class='ocrx_word' id='word_1_109' title='bbox 472 1514 523 1577; x_wconf 81' lang='grc' dir='ltr'>καὶ</span> <span class='ocrx_word' id='word_1_110' title='bbox 539 1513 579 1576; x_wconf 80' lang='grc' dir='ltr'>τὰ</span> <span class='ocrx_word' id='word_1_111' title='bbox 595 1511 741 1578; x_wconf 89' lang='grc' dir='ltr'><strong><em>κάλλιστα</em></strong></span> <span class='ocrx_word' id='word_1_112' title='bbox 759 1514 990 1598; x_wconf 74' lang='grc' dir='ltr'><strong><em>ι’κμεμαθηκιδς,</em></strong></span> <span class='ocrx_word' id='word_1_113' title='bbox 1009 1516 1052 1579; x_wconf 81' lang='grc' dir='ltr'><strong><em>δι’</em></strong></span> <span class='ocrx_word' id='word_1_114' title='bbox 1068 1514 1183 1592; x_wconf 79' lang='grc' dir='ltr'><strong><em>δδατος</em></strong></span> <span class='ocrx_word' id='word_1_115' title='bbox 1199 1534 1230 1587; x_wconf 85' lang='grc' dir='ltr'>Ρ.</span> <span class='ocrx_word' id='word_1_116' title='bbox 1242 1531 1294 1609; x_wconf 72' lang='grc'>598</span> 
     </span>
     <span class='ocr_line' id='line_1_13' title="bbox 82 1613 1184 1700; baseline 0.004 -20"><span class='ocrx_word' id='word_1_117' title='bbox 82 1613 166 1700; x_wconf 73' lang='grc' dir='ltr'><strong><em>ἡμᾶς</em></strong></span> <span class='ocrx_word' id='word_1_118' title='bbox 189 1615 390 1697; x_wconf 80' lang='grc' dir='ltr'><strong><em>άνικαίνισεν,</em></strong></span> <span class='ocrx_word' id='word_1_119' title='bbox 418 1618 450 1691; x_wconf 76' lang='grc' dir='ltr'>ίς</span> <span class='ocrx_word' id='word_1_120' title='bbox 466 1616 506 1681; x_wconf 84' lang='grc' dir='ltr'>τά</span> <span class='ocrx_word' id='word_1_121' title='bbox 523 1621 585 1680; x_wconf 88' lang='grc' dir='ltr'>τών</span> <span class='ocrx_word' id='word_1_122' title='bbox 601 1613 749 1700; x_wconf 87' lang='grc' dir='ltr'><strong><em>μακάρων</em></strong></span> <span class='ocrx_word' id='word_1_123' title='bbox 766 1615 846 1700; x_wconf 70' lang='grc' dir='ltr'><strong><em>ἴχνια</em></strong></span> <span class='ocrx_word' id='word_1_124' title='bbox 863 1615 1085 1700; x_wconf 81' lang='grc' dir='ltr'><strong><em>παρεισώδευσε</em></strong></span> <span class='ocrx_word' id='word_1_125' title='bbox 1093 1668 1104 1699; x_wconf 93' lang='grc'><strong><em>,</em></strong></span> <span class='ocrx_word' id='word_1_126' title='bbox 1133 1622 1184 1684; x_wconf 82' lang='grc' dir='ltr'>καὶ</span> 
     </span>
     <span class='ocr_line' id='line_1_14' title="bbox 82 1715 1182 1806; baseline 0.002 -22"><span class='ocrx_word' id='word_1_127' title='bbox 82 1719 116 1784; x_wconf 75' lang='grc' dir='ltr'>ἐκ</span> <span class='ocrx_word' id='word_1_128' title='bbox 137 1726 199 1784; x_wconf 82' lang='grc' dir='ltr'>τῶν</span> <span class='ocrx_word' id='word_1_129' title='bbox 218 1718 340 1800; x_wconf 76' lang='grc' dir='ltr'><strong><em>άσεβών</em></strong></span> <span class='ocrx_word' id='word_1_130' title='bbox 356 1715 468 1806; x_wconf 79' lang='grc' dir='ltr'><strong><em>χώραιν</em></strong></span> <span class='ocrx_word' id='word_1_131' title='bbox 482 1715 565 1802; x_wconf 73' lang='grc' dir='ltr'><strong><em>ἡμᾶς</em></strong></span> <span class='ocrx_word' id='word_1_132' title='bbox 578 1717 782 1803; x_wconf 76' lang='grc' dir='ltr'><strong><em>ἰλατρώσατο.</em></strong></span> <span class='ocrx_word' id='word_1_133' title='bbox 811 1721 865 1784; x_wconf 89' lang='grc' dir='ltr'>καί</span> <span class='ocrx_word' id='word_1_134' title='bbox 880 1747 912 1785; x_wconf 81' lang='grc' dir='ltr'>σε</span> <span class='ocrx_word' id='word_1_135' title='bbox 926 1719 1053 1804; x_wconf 71' lang='grc' dir='ltr'><strong><em>ποιήσω,</em></strong></span> <span class='ocrx_word' id='word_1_136' title='bbox 1070 1720 1107 1805; x_wconf 74' lang='grc' dir='ltr'>ἦν</span> <span class='ocrx_word' id='word_1_137' title='bbox 1121 1747 1182 1803; x_wconf 87' lang='grc' dir='ltr'>μου</span> 
     </span>
     <span class='ocr_line' id='line_1_15' title="bbox 83 1817 1183 1910; baseline 0.001 -23"><span class='ocrx_word' id='word_1_138' title='bbox 83 1819 209 1910; x_wconf 78' lang='grc' dir='ltr'><strong><em>άκοάης,</em></strong></span> <span class='ocrx_word' id='word_1_139' title='bbox 227 1821 278 1886; x_wconf 69' lang='grc' dir='ltr'><strong><em>ἔνι’</em></strong></span> <span class='ocrx_word' id='word_1_140' title='bbox 296 1821 639 1907; x_wconf 74' lang='grc' dir='ltr'><strong><em>άληθείαςάνδρατισν.</em></strong></span> <span class='ocrx_word' id='word_1_141' title='bbox 661 1820 738 1910; x_wconf 77' lang='grc' dir='ltr'><strong><em>(ιγ’.)</em></strong></span> <span class='ocrx_word' id='word_1_142' title='bbox 753 1825 869 1890; x_wconf 86' lang='grc' dir='ltr'><strong><em>ΚΡΙΤ.</em></strong></span> <span class='ocrx_word' id='word_1_143' title='bbox 885 1824 979 1908; x_wconf 59' lang='lat' dir='ltr'>Ans,</span> <span class='ocrx_word' id='word_1_144' title='bbox 998 1817 1022 1889; x_wconf 79' lang='grc' dir='ltr'><strong><em>ὦ</em></strong></span> <span class='ocrx_word' id='word_1_145' title='bbox 1041 1830 1183 1906; x_wconf 83' lang='grc' dir='ltr'><strong><em>πολυμα-</em></strong></span> 
     </span>
     <span class='ocr_line' id='line_1_16' title="bbox 43 1923 1184 2012; baseline 0.001 -22"><span class='ocrx_word' id='word_1_146' title='bbox 43 1927 218 2006; x_wconf 68' lang='grc' dir='ltr'><strong><em>Ῑόδίστατε</em></strong></span> <span class='ocrx_word' id='word_1_147' title='bbox 233 1930 396 2011; x_wconf 75' lang='grc' dir='ltr'><strong><em>Τριιρῶν,</em></strong></span> <span class='ocrx_word' id='word_1_148' title='bbox 424 1925 475 1989; x_wconf 82' lang='grc' dir='ltr'><strong><em>διδ</em></strong></span> <span class='ocrx_word' id='word_1_149' title='bbox 493 1923 594 2012; x_wconf 75' lang='grc' dir='ltr'><strong><em>φόβου</em></strong></span> <span class='ocrx_word' id='word_1_150' title='bbox 607 1925 667 2011; x_wconf 76' lang='grc' dir='ltr'><strong><em>γάρ</em></strong></span> <span class='ocrx_word' id='word_1_151' title='bbox 681 1925 817 2010; x_wconf 76' lang='grc' dir='ltr'><strong><em>ίρχομιιι.</em></strong></span> <span class='ocrx_word' id='word_1_152' title='bbox 873 1930 1014 1992; x_wconf 82' lang='grc' dir='ltr'><strong><em>ΤΡΙΕΦ.</em></strong></span> <span class='ocrx_word' id='word_1_153' title='bbox 1039 1927 1184 2011; x_wconf 76' lang='grc' dir='ltr'><strong><em>Ἀνίγνω-</em></strong></span> 
     </span>
     <span class='ocr_line' id='line_1_17' title="bbox 83 2025 1183 2115; baseline -0.001 -22"><span class='ocrx_word' id='word_1_154' title='bbox 83 2025 140 2103; x_wconf 85' lang='grc' dir='ltr'>κός</span> <span class='ocrx_word' id='word_1_155' title='bbox 158 2053 233 2094; x_wconf 81' lang='grc' dir='ltr'><strong><em>ποτε</em></strong></span> <span class='ocrx_word' id='word_1_156' title='bbox 251 2026 290 2092; x_wconf 86' lang='grc' dir='ltr'>τοὶ</span> <span class='ocrx_word' id='word_1_157' title='bbox 304 2033 360 2092; x_wconf 81' lang='grc' dir='ltr'>τοῦ</span> <span class='ocrx_word' id='word_1_158' title='bbox 373 2025 614 2114; x_wconf 75' lang='grc' dir='ltr'><strong><em>Ἀριστοφάνους</em></strong></span> <span class='ocrx_word' id='word_1_159' title='bbox 628 2035 687 2093; x_wconf 80' lang='grc' dir='ltr'>τοῦ</span> <span class='ocrx_word' id='word_1_160' title='bbox 703 2033 934 2114; x_wconf 81' lang='grc' dir='ltr'><strong><em>δραματοποιοδ</em></strong></span> <span class='ocrx_word' id='word_1_161' title='bbox 950 2028 1079 2115; x_wconf 71' lang='grc' dir='ltr'><strong><em>ὄρνιθας</em></strong></span> <span class='ocrx_word' id='word_1_162' title='bbox 1094 2056 1183 2114; x_wconf 86' lang='grc' dir='ltr'><strong><em>ποιη-</em></strong></span> 
     </span>
     <span class='ocr_line' id='line_1_18' title="bbox 83 2129 1186 2218; baseline 0.001 -22"><span class='ocrx_word' id='word_1_163' title='bbox 83 2129 202 2214; x_wconf 68' lang='grc' dir='ltr'><strong><em>μάτιας</em></strong></span> <span class='ocrx_word' id='word_1_164' title='bbox 235 2133 348 2199; x_wconf 84' lang='grc' dir='ltr'><strong><em>ΚΡΙΤ.</em></strong></span> <span class='ocrx_word' id='word_1_165' title='bbox 375 2134 441 2198; x_wconf 80' lang='lat' dir='ltr'>Kal</span> <span class='ocrx_word' id='word_1_166' title='bbox 461 2129 557 2214; x_wconf 88' lang='grc' dir='ltr'><strong><em>μάλα.</em></strong></span> <span class='ocrx_word' id='word_1_167' title='bbox 612 2133 756 2197; x_wconf 82' lang='grc' dir='ltr'><strong><em>ΤΡΙΕΦ.</em></strong></span> <span class='ocrx_word' id='word_1_168' title='bbox 779 2130 1013 2218; x_wconf 65' lang='grc' dir='ltr'><strong><em>Ἕηικεχάρακται</em></strong></span> <span class='ocrx_word' id='word_1_169' title='bbox 1030 2131 1109 2218; x_wconf 75' lang='grc' dir='ltr'><strong><em>παρ’</em></strong></span> <span class='ocrx_word' id='word_1_170' title='bbox 1127 2131 1186 2197; x_wconf 83' lang='grc' dir='ltr'>αδ-</span> 
     </span>
     <span class='ocr_line' id='line_1_19' title="bbox 84 2231 294 2299; baseline -0.019 0"><span class='ocrx_word' id='word_1_171' title='bbox 84 2239 144 2299; x_wconf 83' lang='grc' dir='ltr'><strong><em>τοῦ</em></strong></span> <span class='ocrx_word' id='word_1_172' title='bbox 160 2231 294 2298; x_wconf 83' lang='grc' dir='ltr'><strong><em>τοιόνδε·</em></strong></span> 
     </span>
     <span class='ocr_line' id='line_1_20' title="bbox 186 2327 1185 2424; baseline 0.002 -24"><span class='ocrx_word' id='word_1_173' title='bbox 186 2332 265 2420; x_wconf 82' lang='grc' dir='ltr'><strong><em>χάος</em></strong></span> <span class='ocrx_word' id='word_1_174' title='bbox 288 2327 343 2420; x_wconf 76' lang='grc' dir='ltr'>ἦν,</span> <span class='ocrx_word' id='word_1_175' title='bbox 369 2337 421 2403; x_wconf 71' lang='grc' dir='ltr'>καὶ</span> <span class='ocrx_word' id='word_1_176' title='bbox 439 2334 510 2418; x_wconf 81' lang='grc' dir='ltr'><strong><em>νδξ,</em></strong></span> <span class='ocrx_word' id='word_1_177' title='bbox 539 2332 645 2424; x_wconf 71' lang='grc' dir='ltr'><strong><em>ἴριβός</em></strong></span> <span class='ocrx_word' id='word_1_178' title='bbox 663 2335 806 2419; x_wconf 77' lang='grc' dir='ltr'><strong><em>τιμίλαν</em></strong></span> <span class='ocrx_word' id='word_1_179' title='bbox 819 2341 959 2422; x_wconf 83' lang='grc' dir='ltr'><strong><em>πρῶτον,</em></strong></span> <span class='ocrx_word' id='word_1_180' title='bbox 987 2337 1037 2400; x_wconf 76' lang='grc' dir='ltr'>καὶ</span> <span class='ocrx_word' id='word_1_181' title='bbox 1056 2330 1185 2422; x_wconf 83' lang='grc' dir='ltr'><strong><em>Τάρτα-</em></strong></span> 
     </span>
     <span class='ocr_line' id='line_1_21' title="bbox 39 2437 965 2527; baseline 0.005 -27"><span class='ocrx_word' id='word_1_182' title='bbox 39 2445 76 2500; x_wconf 74' lang='lat'>20</span> <span class='ocrx_word' id='word_1_183' title='bbox 702 2465 757 2525; x_wconf 91' lang='grc' dir='ltr'><strong><em>ρος</em></strong></span> <span class='ocrx_word' id='word_1_184' title='bbox 775 2437 875 2527; x_wconf 73' lang='grc' dir='ltr'><strong><em>εὖρός.</em></strong></span> <span class='ocrx_word' id='word_1_185' title='bbox 962 2516 965 2526; x_wconf 91' lang='lat'>.</span> 
     </span>
     <span class='ocr_line' id='line_1_22' title="bbox 186 2535 791 2630; baseline 0.005 -25"><span class='ocrx_word' id='word_1_186' title='bbox 186 2547 226 2626; x_wconf 78' lang='grc' dir='ltr'>μῆ</span> <span class='ocrx_word' id='word_1_187' title='bbox 240 2539 285 2620; x_wconf 76' lang='grc' dir='ltr'>δ’,</span> <span class='ocrx_word' id='word_1_188' title='bbox 313 2539 387 2607; x_wconf 74' lang='grc' dir='ltr'><strong><em>οὐδ’</em></strong></span> <span class='ocrx_word' id='word_1_189' title='bbox 404 2540 475 2629; x_wconf 80' lang='grc' dir='ltr'><strong><em>άὴρ,</em></strong></span> <span class='ocrx_word' id='word_1_190' title='bbox 504 2541 575 2626; x_wconf 59' lang='grc' dir='ltr'>οὐδ’</span> <span class='ocrx_word' id='word_1_191' title='bbox 596 2541 728 2630; x_wconf 81' lang='grc' dir='ltr'><strong><em>οδρανδς</em></strong></span> <span class='ocrx_word' id='word_1_192' title='bbox 742 2535 791 2626; x_wconf 75' lang='grc' dir='ltr'>ἦν.</span> 
     </span>
     <span class='ocr_line' id='line_1_23' title="bbox 84 2635 1181 2731; baseline -0.001 -22"><span class='ocrx_word' id='word_1_193' title='bbox 84 2645 200 2710; x_wconf 82' lang='grc' dir='ltr'><strong><em>ΚΡΙΤ.</em></strong></span> <span class='ocrx_word' id='word_1_194' title='bbox 233 2635 280 2708; x_wconf 76' lang='lat' dir='ltr'>Ei</span> <span class='ocrx_word' id='word_1_195' title='bbox 309 2645 410 2730; x_wconf 81' lang='grc' dir='ltr'><strong><em>λίγιις.</em></strong></span> <span class='ocrx_word' id='word_1_196' title='bbox 446 2642 510 2712; x_wconf 69' lang='grc' dir='ltr'><strong><em>εἶτα</em></strong></span> <span class='ocrx_word' id='word_1_197' title='bbox 534 2647 567 2710; x_wconf 87' lang='grc' dir='ltr'>τί</span> <span class='ocrx_word' id='word_1_198' title='bbox 593 2638 652 2730; x_wconf 72' lang='grc' dir='ltr'>ἦν,Ι</span> <span class='ocrx_word' id='word_1_199' title='bbox 687 2647 830 2712; x_wconf 81' lang='grc' dir='ltr'><strong><em>ΤΡΙΕΦ.</em></strong></span> <span class='ocrx_word' id='word_1_200' title='bbox 856 2636 919 2710; x_wconf 82' lang='grc' dir='ltr'>Ἦν</span> <span class='ocrx_word' id='word_1_201' title='bbox 945 2650 1012 2731; x_wconf 76' lang='grc' dir='ltr'>φώς</span> <span class='ocrx_word' id='word_1_202' title='bbox 1034 2643 1181 2731; x_wconf 76' lang='grc' dir='ltr'><strong><em>άφδιτον,</em></strong></span> 
     </span>
     <span class='ocr_line' id='line_1_24' title="bbox 86 2743 1185 2842; baseline 0 -31"><span class='ocrx_word' id='word_1_203' title='bbox 86 2743 239 2832; x_wconf 84' lang='grc' dir='ltr'><strong><em>άόρατον,</em></strong></span> <span class='ocrx_word' id='word_1_204' title='bbox 276 2744 503 2842; x_wconf 80' lang='grc' dir='ltr'><strong><em>άκατανόητον,</em></strong></span> <span class='ocrx_word' id='word_1_205' title='bbox 538 2747 640 2814; x_wconf 81' lang='grc' dir='ltr'><strong><em>δλάει</em></strong></span> <span class='ocrx_word' id='word_1_206' title='bbox 662 2748 698 2814; x_wconf 90' lang='grc' dir='ltr'>τδ</span> <span class='ocrx_word' id='word_1_207' title='bbox 719 2745 846 2836; x_wconf 88' lang='grc' dir='ltr'><strong><em>σκότος,</em></strong></span> <span class='ocrx_word' id='word_1_208' title='bbox 880 2749 932 2814; x_wconf 74' lang='grc' dir='ltr'>καὶ</span> <span class='ocrx_word' id='word_1_209' title='bbox 955 2748 1013 2832; x_wconf 82' lang='grc' dir='ltr'>τὴν</span> <span class='ocrx_word' id='word_1_210' title='bbox 1035 2747 1185 2831; x_wconf 76' lang='grc' dir='ltr'><strong><em>ἀκοσμίαν</em></strong></span> 
     </span>
     <span class='ocr_line' id='line_1_25' title="bbox 154 2853 792 2929; baseline 0.002 -16"><span class='ocrx_word' id='word_1_211' title='bbox 154 2859 197 2913; x_wconf 85' lang='grc'>15.</span> <span class='ocrx_word' id='word_1_212' title='bbox 215 2855 339 2929; x_wconf 72' lang='grc' dir='ltr'><strong><em>ἔρχομαι]</em></strong></span> <span class='ocrx_word' id='word_1_213' title='bbox 354 2853 469 2929; x_wconf 78' lang='grc' dir='ltr'><strong><em>εὔχομαι</em></strong></span> <span class='ocrx_word' id='word_1_214' title='bbox 479 2861 544 2916; x_wconf 83' lang='lat' dir='ltr'>Ven.</span> <span class='ocrx_word' id='word_1_215' title='bbox 557 2863 583 2916; x_wconf 75' lang='lat'>2.</span> <span class='ocrx_word' id='word_1_216' title='bbox 608 2861 673 2929; x_wconf 83' lang='lat' dir='ltr'>Leg.</span> <span class='ocrx_word' id='word_1_217' title='bbox 687 2857 792 2929; x_wconf 76' lang='grc' dir='ltr'><strong><em>ἔχομαι.</em></strong></span> 
     </span>
    </p>
   </div>
   <div class='ocr_carea' id='block_1_3' title="bbox 1 2960 1261 4416">
    <p class='ocr_par' dir='ltr' id='par_1_3' title="bbox 1 2960 1261 4416">
     <span class='ocr_line' id='line_1_26' title="bbox 248 2960 1032 3034; baseline -0.006 -18"><span class='ocrx_word' id='word_1_218' title='bbox 248 2961 292 3016; x_wconf 82' lang='lat' dir='ltr'>Ex</span> <span class='ocrx_word' id='word_1_219' title='bbox 306 2969 379 3033; x_wconf 87' lang='lat' dir='ltr'>patre</span> <span class='ocrx_word' id='word_1_220' title='bbox 392 2963 501 3028; x_wconf 87' lang='lat' dir='ltr'>flamen,</span> <span class='ocrx_word' id='word_1_221' title='bbox 517 2963 612 3016; x_wconf 83' lang='lat' dir='ltr'>triade</span> <span class='ocrx_word' id='word_1_222' title='bbox 625 2980 691 3027; x_wconf 89' lang='lat' dir='ltr'>uno,</span> <span class='ocrx_word' id='word_1_223' title='bbox 709 2970 787 3034; x_wconf 86' lang='lat' dir='ltr'>atque</span> <span class='ocrx_word' id='word_1_224' title='bbox 800 2979 833 3016; x_wconf 83' lang='lat' dir='ltr'>ex</span> <span class='ocrx_word' id='word_1_225' title='bbox 848 2960 931 3015; x_wconf 85' lang='lat' dir='ltr'>tribus</span> <span class='ocrx_word' id='word_1_226' title='bbox 944 2979 1032 3014; x_wconf 87' lang='lat' dir='ltr'>unum.</span> 
     </span>
     <span class='ocr_line' id='line_1_27' title="bbox 249 3031 1023 3102; baseline -0.003 -18"><span class='ocrx_word' id='word_1_227' title='bbox 249 3031 347 3102; x_wconf 88' lang='lat' dir='ltr'>Iupiter</span> <span class='ocrx_word' id='word_1_228' title='bbox 359 3033 424 3086; x_wconf 87' lang='lat' dir='ltr'>haec</span> <span class='ocrx_word' id='word_1_229' title='bbox 436 3034 485 3086; x_wconf 84' lang='lat' dir='ltr'>tibi</span> <span class='ocrx_word' id='word_1_230' title='bbox 496 3033 565 3096; x_wconf 86' lang='lat' dir='ltr'>sint,</span> <span class='ocrx_word' id='word_1_231' title='bbox 581 3031 661 3085; x_wconf 84' lang='lat' dir='ltr'>solum</span> <span class='ocrx_word' id='word_1_232' title='bbox 680 3033 729 3086; x_wconf 90' lang='lat' dir='ltr'>hoc</span> <span class='ocrx_word' id='word_1_233' title='bbox 743 3050 789 3102; x_wconf 89' lang='lat' dir='ltr'>pro</span> <span class='ocrx_word' id='word_1_234' title='bbox 805 3031 905 3084; x_wconf 83' lang='lat' dir='ltr'>numine</span> <span class='ocrx_word' id='word_1_235' title='bbox 919 3032 1023 3083; x_wconf 84' lang='lat' dir='ltr'>habeto.</span> 
     </span>
     <span class='ocr_line' id='line_1_28' title="bbox 87 3097 1186 3172; baseline -0.003 -20"><span class='ocrx_word' id='word_1_236' title='bbox 87 3099 182 3154; x_wconf 80' lang='lat' dir='ltr'>crtlT.</span> <span class='ocrx_word' id='word_1_237' title='bbox 203 3100 357 3170; x_wconf 81' lang='lat' dir='ltr'>Comparare</span> <span class='ocrx_word' id='word_1_238' title='bbox 368 3111 397 3154; x_wconf 86' lang='lat' dir='ltr'>tu</span> <span class='ocrx_word' id='word_1_239' title='bbox 410 3102 511 3172; x_wconf 85' lang='lat' dir='ltr'>quidem</span> <span class='ocrx_word' id='word_1_240' title='bbox 526 3118 566 3154; x_wconf 88' lang='lat' dir='ltr'>me</span> <span class='ocrx_word' id='word_1_241' title='bbox 579 3102 673 3162; x_wconf 86' lang='lat' dir='ltr'>doces,</span> <span class='ocrx_word' id='word_1_242' title='bbox 691 3109 718 3154; x_wconf 82' lang='lat' dir='ltr'>et</span> <span class='ocrx_word' id='word_1_243' title='bbox 739 3100 914 3154; x_wconf 87' lang='lat' dir='ltr'>iusiurandum</span> <span class='ocrx_word' id='word_1_244' title='bbox 935 3099 983 3152; x_wconf 89' lang='lat' dir='ltr'>tibi</span> <span class='ocrx_word' id='word_1_245' title='bbox 1004 3101 1044 3150; x_wconf 84' lang='lat' dir='ltr'>esi</span> <span class='ocrx_word' id='word_1_246' title='bbox 1061 3097 1186 3150; x_wconf 86' lang='lat' dir='ltr'>arithme-</span> 
     </span>
     <span class='ocr_line' id='line_1_29' title="bbox 87 3165 1186 3240; baseline -0.003 -19"><span class='ocrx_word' id='word_1_247' title='bbox 87 3169 147 3222; x_wconf 80' lang='lat' dir='ltr'>tica.</span> <span class='ocrx_word' id='word_1_248' title='bbox 183 3169 324 3240; x_wconf 78' lang='lat' dir='ltr'>computas</span> <span class='ocrx_word' id='word_1_249' title='bbox 346 3172 411 3224; x_wconf 83' lang='lat' dir='ltr'>enim</span> <span class='ocrx_word' id='word_1_250' title='bbox 431 3179 461 3224; x_wconf 92' lang='lat' dir='ltr'>ut</span> <span class='ocrx_word' id='word_1_251' title='bbox 477 3171 649 3224; x_wconf 85' lang='lat' dir='ltr'>Nicomachus</span> <span class='ocrx_word' id='word_1_252' title='bbox 665 3171 823 3224; x_wconf 85' lang='lat' dir='ltr'>Gerasenus.</span> <span class='ocrx_word' id='word_1_253' title='bbox 859 3167 955 3220; x_wconf 87' lang='lat' dir='ltr'>Nescio</span> <span class='ocrx_word' id='word_1_254' title='bbox 976 3167 1041 3219; x_wconf 81' lang='lat' dir='ltr'>enirn</span> <span class='ocrx_word' id='word_1_255' title='bbox 1059 3167 1118 3235; x_wconf 88' lang='lat' dir='ltr'>quid</span> <span class='ocrx_word' id='word_1_256' title='bbox 1138 3165 1186 3218; x_wconf 88' lang='lat' dir='ltr'>tibi</span> 
     </span>
     <span class='ocr_line' id='line_1_30' title="bbox 87 3235 1187 3310; baseline -0.002 -20"><span class='ocrx_word' id='word_1_257' title='bbox 87 3237 165 3303; x_wconf 84' lang='lat' dir='ltr'>velis,</span> <span class='ocrx_word' id='word_1_258' title='bbox 182 3255 261 3291; x_wconf 90' lang='lat' dir='ltr'>unum</span> <span class='ocrx_word' id='word_1_259' title='bbox 273 3239 340 3305; x_wconf 86' lang='lat' dir='ltr'>tria,</span> <span class='ocrx_word' id='word_1_260' title='bbox 356 3240 407 3292; x_wconf 89' lang='lat' dir='ltr'>tria</span> <span class='ocrx_word' id='word_1_261' title='bbox 423 3257 509 3292; x_wconf 82' lang='lat' dir='ltr'>unum</span> <span class='ocrx_word' id='word_1_262' title='bbox 544 3239 673 3310; x_wconf 80' lang='lat' dir='ltr'><strong>Numquid</strong></span> <span class='ocrx_word' id='word_1_263' title='bbox 695 3240 728 3292; x_wconf 86' lang='lat' dir='ltr'>de</span> <span class='ocrx_word' id='word_1_264' title='bbox 750 3237 912 3309; x_wconf 83' lang='lat' dir='ltr'>quaternario</span> <span class='ocrx_word' id='word_1_265' title='bbox 934 3235 1000 3288; x_wconf 88' lang='lat' dir='ltr'>dicis</span> <span class='ocrx_word' id='word_1_266' title='bbox 1012 3237 1187 3306; x_wconf 75' lang='lat' dir='ltr'><strong>Pythagorae,</strong></span> 
     </span>
     <span class='ocr_line' id='line_1_31' title="bbox 88 3305 1188 3374; baseline -0.002 -14"><span class='ocrx_word' id='word_1_267' title='bbox 88 3313 133 3360; x_wconf 84' lang='lat' dir='ltr'>aut</span> <span class='ocrx_word' id='word_1_268' title='bbox 144 3308 277 3360; x_wconf 83' lang='lat' dir='ltr'>octonario</span> <span class='ocrx_word' id='word_1_269' title='bbox 291 3316 336 3360; x_wconf 89' lang='lat' dir='ltr'>aut</span> <span class='ocrx_word' id='word_1_270' title='bbox 349 3309 510 3363; x_wconf 66' lang='lat' dir='ltr'>tricenario?</span> <span class='ocrx_word' id='word_1_271' title='bbox 526 3309 670 3364; x_wconf 78' lang='lat' dir='ltr'>TRIEPH.</span> <span class='ocrx_word' id='word_1_272' title='bbox 688 3309 759 3371; x_wconf 82' lang='lat' dir='ltr'>Quin</span> <span class='ocrx_word' id='word_1_273' title='bbox 777 3315 806 3359; x_wconf 88' lang='lat' dir='ltr'>tn</span> <span class='ocrx_word' id='word_1_274' title='bbox 820 3317 891 3359; x_wconf 89' lang='lat' dir='ltr'>taces</span> <span class='ocrx_word' id='word_1_275' title='bbox 910 3311 1030 3374; x_wconf 78' lang='lat' dir='ltr'>terrena,</span> <span class='ocrx_word' id='word_1_276' title='bbox 1049 3305 1127 3372; x_wconf 85' lang='lat' dir='ltr'>digna</span> <span class='ocrx_word' id='word_1_277' title='bbox 1147 3305 1188 3358; x_wconf 89' lang='lat' dir='ltr'>si-</span> 
     </span>
     <span class='ocr_line' id='line_1_32' title="bbox 87 3373 1188 3446; baseline 0.003 -18"><span class='ocrx_word' id='word_1_278' title='bbox 87 3375 175 3429; x_wconf 83' lang='lat' dir='ltr'>lentio.</span> <span class='ocrx_word' id='word_1_279' title='bbox 199 3376 261 3428; x_wconf 85' lang='lat' dir='ltr'>Non</span> <span class='ocrx_word' id='word_1_280' title='bbox 274 3377 317 3430; x_wconf 88' lang='lat' dir='ltr'>hic</span> <span class='ocrx_word' id='word_1_281' title='bbox 329 3378 415 3446; x_wconf 84' lang='lat' dir='ltr'>agitur</span> <span class='ocrx_word' id='word_1_282' title='bbox 431 3379 463 3431; x_wconf 86' lang='lat' dir='ltr'>ds</span> <span class='ocrx_word' id='word_1_283' title='bbox 478 3377 640 3430; x_wconf 74' lang='lat' dir='ltr'>dimetiendis</span> <span class='ocrx_word' id='word_1_284' title='bbox 653 3377 763 3446; x_wconf 84' lang='lat' dir='ltr'>pulicum</span> <span class='ocrx_word' id='word_1_285' title='bbox 771 3373 897 3444; x_wconf 79' lang='lat' dir='ltr'>vestigiis·</span> <span class='ocrx_word' id='word_1_286' title='bbox 921 3375 980 3442; x_wconf 81' lang='lat' dir='ltr'>Ego</span> <span class='ocrx_word' id='word_1_287' title='bbox 992 3373 1057 3426; x_wconf 76' lang='lat' dir='ltr'>enim</span> <span class='ocrx_word' id='word_1_288' title='bbox 1069 3381 1096 3426; x_wconf 76' lang='lat' dir='ltr'>te</span> <span class='ocrx_word' id='word_1_289' title='bbox 1110 3375 1188 3428; x_wconf 73' lang='lat' dir='ltr'>‹loce-</span> 
     </span>
     <span class='ocr_line' id='line_1_33' title="bbox 87 3442 1187 3516; baseline -0.001 -21"><span class='ocrx_word' id='word_1_290' title='bbox 87 3443 131 3507; x_wconf 86' lang='lat' dir='ltr'>bo,</span> <span class='ocrx_word' id='word_1_291' title='bbox 142 3445 204 3515; x_wconf 89' lang='lat' dir='ltr'>quid</span> <span class='ocrx_word' id='word_1_292' title='bbox 212 3445 247 3496; x_wconf 87' lang='lat' dir='ltr'>sit</span> <span class='ocrx_word' id='word_1_293' title='bbox 259 3445 306 3498; x_wconf 80' lang='lat' dir='ltr'>lior</span> <span class='ocrx_word' id='word_1_294' title='bbox 316 3449 470 3512; x_wconf 83' lang='lat' dir='ltr'>universum,</span> <span class='ocrx_word' id='word_1_295' title='bbox 480 3447 573 3516; x_wconf 87' lang='lat' dir='ltr'>etquis</span> <span class='ocrx_word' id='word_1_296' title='bbox 586 3447 620 3500; x_wconf 86' lang='lat' dir='ltr'>sit</span> <span class='ocrx_word' id='word_1_297' title='bbox 628 3446 786 3512; x_wconf 83' lang='lat' dir='ltr'>anteomnia,</span> <span class='ocrx_word' id='word_1_298' title='bbox 801 3452 828 3498; x_wconf 89' lang='lat' dir='ltr'>et</span> <span class='ocrx_word' id='word_1_299' title='bbox 840 3461 905 3512; x_wconf 80' lang='lat' dir='ltr'>quas</span> <span class='ocrx_word' id='word_1_300' title='bbox 919 3443 1034 3496; x_wconf 84' lang='lat' dir='ltr'>universi</span> <span class='ocrx_word' id='word_1_301' title='bbox 1043 3443 1078 3496; x_wconf 88' lang='lat' dir='ltr'>sit</span> <span class='ocrx_word' id='word_1_302' title='bbox 1091 3442 1187 3496; x_wconf 87' lang='lat' dir='ltr'>combi-</span> 
     </span>
     <span class='ocr_line' id='line_1_34' title="bbox 88 3512 1188 3584; baseline -0.001 -18"><span class='ocrx_word' id='word_1_303' title='bbox 88 3513 159 3566; x_wconf 82' lang='lat' dir='ltr'>natio</span> <span class='ocrx_word' id='word_1_304' title='bbox 184 3521 261 3583; x_wconf 83' lang='lat' dir='ltr'>atque</span> <span class='ocrx_word' id='word_1_305' title='bbox 283 3516 447 3569; x_wconf 76' lang='lat' dir='ltr'>constructio.</span> <span class='ocrx_word' id='word_1_306' title='bbox 481 3517 567 3570; x_wconf 81' lang='lat' dir='ltr'><strong>Antea</strong></span> <span class='ocrx_word' id='word_1_307' title='bbox 587 3515 653 3568; x_wconf 83' lang='lat' dir='ltr'>enim</span> <span class='ocrx_word' id='word_1_308' title='bbox 671 3515 732 3568; x_wconf 87' lang='lat' dir='ltr'>mihi</span> <span class='ocrx_word' id='word_1_309' title='bbox 750 3532 819 3584; x_wconf 86' lang='lat' dir='ltr'>quae</span> <span class='ocrx_word' id='word_1_310' title='bbox 842 3514 892 3566; x_wconf 84' lang='lat' dir='ltr'>ion</span> <span class='ocrx_word' id='word_1_311' title='bbox 915 3512 965 3565; x_wconf 85' lang='lat' dir='ltr'>tibi</span> <span class='ocrx_word' id='word_1_312' title='bbox 987 3531 1033 3565; x_wconf 90' lang='lat' dir='ltr'>usu</span> <span class='ocrx_word' id='word_1_313' title='bbox 1053 3513 1188 3566; x_wconf 81' lang='lat' dir='ltr'>venerunt.</span> 
     </span>
     <span class='ocr_line' id='line_1_35' title="bbox 88 3579 1189 3664; baseline -0.001 -29"><span class='ocrx_word' id='word_1_314' title='bbox 88 3583 142 3635; x_wconf 79' lang='lat' dir='ltr'>Sed</span> <span class='ocrx_word' id='word_1_315' title='bbox 160 3592 294 3652; x_wconf 79' lang='lat' dir='ltr'>postquam</span> <span class='ocrx_word' id='word_1_316' title='bbox 308 3585 335 3635; x_wconf 87' lang='lat' dir='ltr'>in</span> <span class='ocrx_word' id='word_1_317' title='bbox 350 3585 494 3638; x_wconf 82' lang='lat' dir='ltr'>Galilaeum</span> <span class='ocrx_word' id='word_1_318' title='bbox 514 3585 609 3648; x_wconf 82' lang='lat' dir='ltr'>incidi¹</span> <span class='ocrx_word' id='word_1_319' title='bbox 627 3584 826 3648; x_wconf 85' lang='lat' dir='ltr'>recalvastrum,</span> <span class='ocrx_word' id='word_1_320' title='bbox 843 3598 980 3644; x_wconf 80' lang='lat' dir='ltr'>nasonem,</span> <span class='ocrx_word' id='word_1_321' title='bbox 997 3579 1042 3664; x_wconf 88' lang='lat' dir='ltr'>qui</span> <span class='ocrx_word' id='word_1_322' title='bbox 1063 3599 1111 3650; x_wconf 86' lang='lat' dir='ltr'>per</span> <span class='ocrx_word' id='word_1_323' title='bbox 1128 3586 1189 3634; x_wconf 72' lang='lat' dir='ltr'>airu</span> 
     </span>
     <span class='ocr_line' id='line_1_36' title="bbox 87 3651 1188 3724; baseline -0.001 -22"><span class='ocrx_word' id='word_1_324' title='bbox 87 3651 217 3716; x_wconf 84' lang='lat' dir='ltr'>incedens,</span> <span class='ocrx_word' id='word_1_325' title='bbox 237 3653 264 3704; x_wconf 91' lang='lat' dir='ltr'>in</span> <span class='ocrx_word' id='word_1_326' title='bbox 281 3653 384 3706; x_wconf 85' lang='lat' dir='ltr'>tertium</span> <span class='ocrx_word' id='word_1_327' title='bbox 398 3671 478 3724; x_wconf 87' lang='lat' dir='ltr'>usque</span> <span class='ocrx_word' id='word_1_328' title='bbox 491 3655 586 3707; x_wconf 83' lang='lat' dir='ltr'>caelum</span> <span class='ocrx_word' id='word_1_329' title='bbox 600 3672 627 3706; x_wconf 88' lang='lat' dir='ltr'>sc</span> <span class='ocrx_word' id='word_1_330' title='bbox 639 3661 830 3722; x_wconf 81' lang='lat' dir='ltr'>penetraverat,</span> <span class='ocrx_word' id='word_1_331' title='bbox 844 3669 938 3720; x_wconf 86' lang='lat' dir='ltr'>resque</span> <span class='ocrx_word' id='word_1_332' title='bbox 949 3667 1055 3702; x_wconf 87' lang='lat' dir='ltr'>ommam</span> <span class='ocrx_word' id='word_1_333' title='bbox 1068 3651 1188 3720; x_wconf 88' lang='lat' dir='ltr'>pulcher·</span> 
     </span>
     <span class='ocr_line' id='line_1_37' title="bbox 87 3715 1188 3793; baseline -0.001 -22"><span class='ocrx_word' id='word_1_334' title='bbox 87 3719 166 3772; x_wconf 87' lang='lat' dir='ltr'>rimas</span> <span class='ocrx_word' id='word_1_335' title='bbox 172 3720 210 3772; x_wconf 88' lang='lat' dir='ltr'>ibi</span> <span class='ocrx_word' id='word_1_336' title='bbox 219 3719 358 3786; x_wconf 57' lang='lat' dir='ltr'>didiceram</span> <span class='ocrx_word' id='word_1_337' title='bbox 372 3722 396 3774; x_wconf 85' lang='lat' dir='ltr'>is</span> <span class='ocrx_word' id='word_1_338' title='bbox 408 3739 455 3792; x_wconf 85' lang='lat' dir='ltr'>pes</span> <span class='ocrx_word' id='word_1_339' title='bbox 463 3739 553 3793; x_wconf 85' lang='lat' dir='ltr'>aquam</span> <span class='ocrx_word' id='word_1_340' title='bbox 563 3740 609 3774; x_wconf 88' lang='lat' dir='ltr'>nos</span> <span class='ocrx_word' id='word_1_341' title='bbox 618 3724 761 3788; x_wconf 82' lang='lat' dir='ltr'>renovavit,</span> <span class='ocrx_word' id='word_1_342' title='bbox 770 3722 803 3776; x_wconf 84' lang='lat' dir='ltr'>im</span> <span class='ocrx_word' id='word_1_343' title='bbox 822 3723 952 3790; x_wconf 84' lang='lat' dir='ltr'>lorumque</span> <span class='ocrx_word' id='word_1_344' title='bbox 960 3726 1063 3788; x_wconf 83' lang='lat' dir='ltr'>ereptos</span> <span class='ocrx_word' id='word_1_345' title='bbox 1074 3715 1188 3786; x_wconf 83' lang='lat' dir='ltr'>regioni-</span> 
     </span>
     <span class='ocr_line' id='line_1_38' title="bbox 87 3741 1188 3861; baseline -0.002 -20"><span class='ocrx_word' id='word_1_346' title='bbox 87 3788 136 3841; x_wconf 88' lang='lat' dir='ltr'>bus</span> <span class='ocrx_word' id='word_1_347' title='bbox 148 3787 175 3839; x_wconf 89' lang='lat' dir='ltr'>in</span> <span class='ocrx_word' id='word_1_348' title='bbox 191 3791 322 3842; x_wconf 86' lang='lat' dir='ltr'>beatarum</span> <span class='ocrx_word' id='word_1_349' title='bbox 335 3791 473 3844; x_wconf 84' lang='lat' dir='ltr'>animarum</span> <span class='ocrx_word' id='word_1_350' title='bbox 485 3790 604 3861; x_wconf 80' lang='lat' dir='ltr'>vestigiis</span> <span class='ocrx_word' id='word_1_351' title='bbox 621 3791 762 3844; x_wconf 82' lang='lat' dir='ltr'>collocavit</span> <span class='ocrx_word' id='word_1_352' title='bbox 798 3741 885 3845; x_wconf 51' lang='lat' dir='ltr'>&amp;tiam</span> <span class='ocrx_word' id='word_1_353' title='bbox 898 3809 930 3842; x_wconf 84' lang='lat' dir='ltr'>ex</span> <span class='ocrx_word' id='word_1_354' title='bbox 944 3797 971 3841; x_wconf 86' lang='lat' dir='ltr'>te</span> <span class='ocrx_word' id='word_1_355' title='bbox 985 3788 1086 3850; x_wconf 78' lang='lat' dir='ltr'>faciam,</span> <span class='ocrx_word' id='word_1_356' title='bbox 1105 3789 1127 3839; x_wconf 84' lang='lat' dir='ltr'>si</span> <span class='ocrx_word' id='word_1_357' title='bbox 1140 3805 1188 3840; x_wconf 87' lang='lat' dir='ltr'>aa·</span> 
     </span>
     <span class='ocr_line' id='line_1_39' title="bbox 87 3856 1189 3930; baseline -0.002 -20"><span class='ocrx_word' id='word_1_358' title='bbox 87 3857 346 3923; x_wconf 81' lang='lat' dir='ltr'>scultaremihivelis,</span> <span class='ocrx_word' id='word_1_359' title='bbox 358 3876 420 3912; x_wconf 84' lang='lat' dir='ltr'>vere</span> <span class='ocrx_word' id='word_1_360' title='bbox 433 3860 565 3914; x_wconf 83' lang='lat' dir='ltr'>hominem.</span> <span class='ocrx_word' id='word_1_361' title='bbox 583 3860 684 3930; x_wconf 81' lang='lat' dir='ltr'>(xm.)</span> <span class='ocrx_word' id='word_1_362' title='bbox 697 3859 790 3914; x_wconf 84' lang='lat' dir='ltr'>CRlT.</span> <span class='ocrx_word' id='word_1_363' title='bbox 804 3859 884 3924; x_wconf 82' lang='lat' dir='ltr'>Cedo,</span> <span class='ocrx_word' id='word_1_364' title='bbox 896 3859 1052 3928; x_wconf 83' lang='lat' dir='ltr'>peritissime</span> <span class='ocrx_word' id='word_1_365' title='bbox 1061 3856 1189 3925; x_wconf 87' lang='lat' dir='ltr'>Triepho,</span> 
     </span>
     <span class='ocr_line' id='line_1_40' title="bbox 87 3921 1188 4010; baseline -0.004 -31"><span class='ocrx_word' id='word_1_366' title='bbox 87 3924 182 3979; x_wconf 84' lang='lat' dir='ltr'>horror</span> <span class='ocrx_word' id='word_1_367' title='bbox 195 3927 261 3981; x_wconf 86' lang='lat' dir='ltr'>enim</span> <span class='ocrx_word' id='word_1_368' title='bbox 274 3945 313 3981; x_wconf 85' lang='lat' dir='ltr'>me</span> <span class='ocrx_word' id='word_1_369' title='bbox 326 3927 437 3982; x_wconf 75' lang='lat' dir='ltr'>incessit.</span> <span class='ocrx_word' id='word_1_370' title='bbox 468 3929 612 3984; x_wconf 75' lang='lat' dir='ltr'>TRlllPll.</span> <span class='ocrx_word' id='word_1_371' title='bbox 630 3929 652 3982; x_wconf 90' lang='lat' dir='ltr'>L</span> <span class='ocrx_word' id='word_1_372' title='bbox 686 3929 884 4010; x_wconf 75' lang='lat' dir='ltr'>istineunquam</span> <span class='ocrx_word' id='word_1_373' title='bbox 896 3928 983 3982; x_wconf 79' lang='lat' dir='ltr'>Aristo</span> <span class='ocrx_word' id='word_1_374' title='bbox 1001 3926 1076 3980; x_wconf 82' lang='lat' dir='ltr'>banis</span> <span class='ocrx_word' id='word_1_375' title='bbox 1090 3921 1188 3978; x_wconf 83' lang='lat' dir='ltr'>Comici</span> 
     </span>
     <span class='ocr_line' id='line_1_41' title="bbox 86 3991 1187 4117; baseline -0.005 -69"><span class='ocrx_word' id='word_1_376' title='bbox 86 3996 233 4117; x_wconf 57' lang='lat' dir='ltr'>fficium,</span> <span class='ocrx_word' id='word_1_377' title='bbox 251 4013 319 4068; x_wconf 82' lang='lat' dir='ltr'>quae</span> <span class='ocrx_word' id='word_1_378' title='bbox 332 3996 376 4051; x_wconf 89' lang='lat' dir='ltr'>ille</span> <span class='ocrx_word' id='word_1_379' title='bbox 397 4013 458 4052; x_wconf 82' lang='lat' dir='ltr'>aves</span> <span class='ocrx_word' id='word_1_380' title='bbox 476 3997 670 4070; x_wconf 77' lang='lat' dir='ltr'>inscripsitlc</span> <span class='ocrx_word' id='word_1_381' title='bbox 709 3997 742 4052; x_wconf 89' lang='grc' dir='ltr'>Τ.</span> <span class='ocrx_word' id='word_1_382' title='bbox 765 3998 833 4067; x_wconf 71' lang='lat' dir='ltr'>Legi</span> <span class='ocrx_word' id='word_1_383' title='bbox 851 3995 949 4067; x_wconf 86' lang='lat' dir='ltr'>utiquc.</span> <span class='ocrx_word' id='word_1_384' title='bbox 1012 3993 1134 4048; x_wconf 84' lang='lat' dir='ltr'>RlEPH.</span> <span class='ocrx_word' id='word_1_385' title='bbox 1155 3991 1187 4044; x_wconf 92' lang='lat' dir='ltr'>In</span> 
     </span>
     <span class='ocr_line' id='line_1_42' title="bbox 55 4065 498 4137; baseline 0.007 -22"><span class='ocrx_word' id='word_1_386' title='bbox 55 4123 56 4126; x_wconf 8' lang='grc' dir='ltr'><strong>Ἴ</strong></span> <span class='ocrx_word' id='word_1_387' title='bbox 153 4065 192 4116; x_wconf 77' lang='lat' dir='ltr'>ita</span> <span class='ocrx_word' id='word_1_388' title='bbox 209 4065 243 4117; x_wconf 87' lang='lat' dir='ltr'>ab</span> <span class='ocrx_word' id='word_1_389' title='bbox 258 4084 289 4119; x_wconf 89' lang='lat' dir='ltr'>eo</span> <span class='ocrx_word' id='word_1_390' title='bbox 305 4067 428 4137; x_wconf 87' lang='lat' dir='ltr'>scriptum</span> <span class='ocrx_word' id='word_1_391' title='bbox 441 4073 498 4120; x_wconf 76' lang='lat' dir='ltr'>esta</span> 
     </span>
     <span class='ocr_line' id='line_1_43' title="bbox 77 4131 1095 4206; baseline 0 -24"><span class='ocrx_word' id='word_1_392' title='bbox 77 4177 79 4182; x_wconf 85' lang='lat'><em>.</em></span> <span class='ocrx_word' id='word_1_393' title='bbox 155 4131 243 4186; x_wconf 83' lang='lat' dir='ltr'>Chaos</span> <span class='ocrx_word' id='word_1_394' title='bbox 258 4134 317 4188; x_wconf 90' lang='lat' dir='ltr'>olim</span> <span class='ocrx_word' id='word_1_395' title='bbox 331 4141 358 4188; x_wconf 86' lang='lat' dir='ltr'>st</span> <span class='ocrx_word' id='word_1_396' title='bbox 371 4153 421 4188; x_wconf 83' lang='lat' dir='ltr'>nox</span> <span class='ocrx_word' id='word_1_397' title='bbox 435 4137 577 4206; x_wconf 82' lang='lat' dir='ltr'>erebusque</span> <span class='ocrx_word' id='word_1_398' title='bbox 591 4137 643 4192; x_wconf 81' lang='lat' dir='ltr'>tois</span> <span class='ocrx_word' id='word_1_399' title='bbox 654 4136 770 4206; x_wconf 79' lang='lat' dir='ltr'>nigrum,</span> <span class='ocrx_word' id='word_1_400' title='bbox 788 4138 840 4189; x_wconf 82' lang='lat' dir='ltr'>tum</span> <span class='ocrx_word' id='word_1_401' title='bbox 853 4133 982 4188; x_wconf 84' lang='lat' dir='ltr'>Tartarus</span> <span class='ocrx_word' id='word_1_402' title='bbox 996 4132 1095 4201; x_wconf 80' lang='lat' dir='ltr'>ingena¹</span> 
     </span>
     <span class='ocr_line' id='line_1_44' title="bbox 153 4201 644 4276; baseline 0.006 -21"><span class='ocrx_word' id='word_1_403' title='bbox 153 4201 215 4256; x_wconf 87' lang='lat' dir='ltr'>Non</span> <span class='ocrx_word' id='word_1_404' title='bbox 228 4211 316 4267; x_wconf 81' lang='lat' dir='ltr'>tarra,</span> <span class='ocrx_word' id='word_1_405' title='bbox 334 4208 380 4258; x_wconf 71' lang='lat' dir='ltr'>air</span> <span class='ocrx_word' id='word_1_406' title='bbox 391 4221 439 4258; x_wconf 90' lang='lat' dir='ltr'>nec</span> <span class='ocrx_word' id='word_1_407' title='bbox 451 4204 567 4276; x_wconf 78' lang='lat' dir='ltr'>olympus</span> <span class='ocrx_word' id='word_1_408' title='bbox 580 4211 644 4259; x_wconf 84' lang='lat' dir='ltr'>erat.</span> 
     </span>
     <span class='ocr_line' id='line_1_45' title="bbox 87 4267 1188 4343; baseline -0.003 -21"><span class='ocrx_word' id='word_1_409' title='bbox 87 4267 182 4323; x_wconf 70' lang='lat' dir='ltr'>calu.</span> <span class='ocrx_word' id='word_1_410' title='bbox 197 4272 336 4326; x_wconf 80' lang='lat' dir='ltr'>Praeclare</span> <span class='ocrx_word' id='word_1_411' title='bbox 349 4274 409 4339; x_wconf 87' lang='lat' dir='ltr'>ista,</span> <span class='ocrx_word' id='word_1_412' title='bbox 427 4273 473 4326; x_wconf 79' lang='lat' dir='ltr'>secl</span> <span class='ocrx_word' id='word_1_413' title='bbox 495 4275 557 4343; x_wconf 90' lang='lat' dir='ltr'>quid</span> <span class='ocrx_word' id='word_1_414' title='bbox 570 4275 647 4328; x_wconf 73' lang='lat' dir='ltr'>tunsi</span> <span class='ocrx_word' id='word_1_415' title='bbox 665 4271 813 4328; x_wconf 72' lang='lat' dir='ltr'>Tmarii.</span> <span class='ocrx_word' id='word_1_416' title='bbox 828 4271 888 4324; x_wconf 84' lang='lat' dir='ltr'>Lux</span> <span class='ocrx_word' id='word_1_417' title='bbox 903 4269 1130 4336; x_wconf 79' lang='lat' dir='ltr'>cratiacorrupta‚</span> <span class='ocrx_word' id='word_1_418' title='bbox 1147 4267 1188 4320; x_wconf 87' lang='lat' dir='ltr'>in-</span> 
     </span>
     <span class='ocr_line' id='line_1_46' title="bbox 1 4337 1261 4416; baseline 0 -24"><span class='ocrx_word' id='word_1_419' title='bbox 1 4361 2 4416; x_wconf 43' lang='grc' dir='ltr'><strong><em>ρ</em></strong></span> <span class='ocrx_word' id='word_1_420' title='bbox 87 4339 154 4406; x_wconf 80' lang='lat' dir='ltr'>visa,</span> <span class='ocrx_word' id='word_1_421' title='bbox 171 4340 394 4412; x_wconf 70' lang='lat' dir='ltr'>incomprehensa,</span> <span class='ocrx_word' id='word_1_422' title='bbox 408 4360 475 4415; x_wconf 86' lang='lat' dir='ltr'>quac</span> <span class='ocrx_word' id='word_1_423' title='bbox 487 4343 565 4398; x_wconf 84' lang='lat' dir='ltr'>solvit</span> <span class='ocrx_word' id='word_1_424' title='bbox 578 4343 707 4412; x_wconf 81' lang='lat' dir='ltr'>tenebras,</span> <span class='ocrx_word' id='word_1_425' title='bbox 720 4338 1098 4413; x_wconf 83' lang='lat' dir='ltr'>squalloromauminoabegit.</span> <span class='ocrx_word' id='word_1_426' title='bbox 1121 4337 1188 4394; x_wconf 84' lang='lat' dir='ltr'>Ver·</span> <span class='ocrx_word' id='word_1_427' title='bbox 1257 4367 1261 4375; x_wconf 92' lang='lat'><em>·</em></span> 
     </span>
    </p>
   </div>
   <div class='ocr_carea' id='block_1_4' title="bbox 0 0 1402 4620">
    <p class='ocr_par' dir='ltr' id='par_1_4' title="bbox 0 0 1402 4620">
     <span class='ocr_line' id='line_1_47' title="bbox 0 0 1402 4620; baseline 0 0"><span class='ocrx_word' id='word_1_428' title='bbox 0 0 1402 4620; x_wconf 95' lang='lat' dir='ltr'> </span> 
     </span>
    </p>
   </div>
  </div>
 </body>
</html>
