2802 4624
242 287 323 368 sta
446 302 487 374 tv.
508 301 555 372 Μ.
575 301 778 372 roceum
796 303 1139 374 annotationes
1215 290 1220 296 '

245 462 336 523 semel
346 461 426 542 apud
438 461 736 542 Graecoeecriptorea
747 462 889 524 occurrit.
930 463 988 523 Hic
1006 472 1101 524 autern
1116 464 1268 545 peculiari
1278 487 1348 526 ma-

245 547 289 627 gis
312 547 527 626 significatione
544 569 600 629 pro
620 548 800 608 advocandis
821 549 859 608 ad
877 549 990 609 bellum
1004 549 1149 608 militibus
1164 561 1347 632 usurpatum

245 634 383 694 videtur:
405 634 477 693 adeo
494 643 526 692 ut
541 651 648 714 praeco
664 635 804 694 bellicum
818 635 889 693 tuba
906 654 1012 693 canens
1030 633 1206 714 phalangem
1225 657 1243 696 e
1262 647 1346 718 septo

244 718 298 778 illo
319 719 520 793 advocaverit,
543 727 572 777 et
586 718 737 797 eduxerit,
759 720 876 800 quaein
890 719 1028 780 barbarea
1042 721 1178 784 irrueret.

329 826 400 888 231.
423 815 503 882 Ἐκεῑ
519 816 552 882 io*
572 817 705 899 πλῆθος]
726 820 888 882 Pulchrum
904 823 1038 902 prolecto
1054 821 1217 904 Nicephori
1234 833 1346 885 strata-

245 925 328 986 gema
344 905 512 964 collocandi
524 905 556 963 in
572 904 669 964 fronte
683 905 837 984 phalangia
854 909 988 986 captivos
1002 907 1151 984 barbaros,
1174 919 1209 970 ut
1228 909 1261 967 in
1276 931 1347 968 cuo-

245 1001 351 1072 apectu
365 1012 487 1050 suorum
504 990 613 1049 civium
629 1001 814 1068 necarentur,
829 1011 863 1050 ac
873 993 920 1052 vel
935 994 978 1051 aio
993 995 1132 1053 commoti
1149 994 1295 1054 Saraceni
1310 995 1346 1054 ad

244 1097 373 1157 pugnarn
391 1077 471 1136 exire
490 1077 721 1137 concitarentur.
764 1078 865 1137 Simile
882 1077 954 1156 quid
971 1087 1145 1156 stratagema
1158 1090 1269 1138 contra
1281 1082 1346 1139 Sar-

245 1161 297 1220 des
323 1181 339 1218 a
364 1161 442 1241 Cyro
465 1162 664 1251 excogitatum
687 1163 779 1222 refert
798 1164 965 1242 Polyaenus
981 1166 1108 1243 Stratag.
1130 1164 1183 1225 lib.
1199 1165 1268 1226 vlt.
1283 1185 1346 1246 cap.

245 1249 275 1312 6.
291 1266 371 1305 num.
388 1251 419 1314 3.
726 1250 729 1260 '

331 1352 404 1414 237.
428 1344 508 1430 Πρὸς
526 1343 654 1432 τάφρον]
676 1351 768 1411 Fossa
787 1349 861 1410 haec
877 1351 927 1410 illa
941 1359 1002 1428 est,
1025 1371 1111 1430 quam
1126 1353 1296 1411 Saracenos
1309 1351 1344 1411 ad

246 1431 290 1491 aui
312 1434 476 1493 cttstodlarn
496 1433 631 1494 effodisse
652 1438 697 1496 sic
717 1447 834 1496 enarrat
852 1438 908 1495 Leo
922 1437 1086 1496 Diaconuaz
1107 1435 1306 1495 Accedebant
1319 1447 1344 1494 et

247 1516 329 1577 duae
351 1521 383 1578 in
407 1520 507 1578 lutum
527 1542 621 1600 qriam
641 1525 770 1580 maxime
792 1520 903 1580 ductae
914 1523 1033 1600 soraee,
1054 1521 1342 1600 atqueproseurdae‚

248 1625 312 1684 qna
325 1603 461 1684 undique
474 1609 692 1664 munimentum
700 1618 901 1686 praecurrent.
933 1607 997 1670 vid.
1012 1608 1081 1688 Pag.
1097 1607 1168 1666 crit.
1184 1607 1218 1666 iu
1235 1607 1341 1670 annet

244 1689 352 1750 Ilaron.
368 1691 450 1751 Tem.
470 1691 521 1750 lll.
537 1711 603 1770 pag.
620 1692 692 1756 874.

331 1795 402 1858 239.
425 1790 501 1869 Kal]
524 1793 568 1850 lta
588 1792 702 1852 Codex:
724 1801 754 1853 et
769 1793 813 1853 sic
827 1813 944 1872 quoquo
958 1793 1091 1854 adoram
1105 1793 1234 1875 paginae
1247 1793 1340 1853 corti·

245 1874 374 1953 gendum
397 1875 552 1936 adnotavit
575 1878 740 1938 Cornelius.

329 1978 401 2044 256.
425 1979 615 2059 Παρῤηοίαν]
639 1981 680 2040 lle
691 1977 815 2054 viribus,
837 1977 887 2038 vel
905 1978 941 2038 de
956 1978 1048 2038 animi
1061 1978 1175 2040 virtute
1189 1979 1339 2060 explicat·

244 2061 313 2121 dana
326 2061 405 2123 hano
422 2083 525 2124 vocem
540 2085 703 2141 censemus,
725 2085 759 2123 eo
773 2083 877 2144 nempe
894 2085 993 2140 sensu,
1015 2083 1075 2143 quo
1091 2066 1173 2125 illam
1190 2065 1338 2144 significa·

243 2147 326 2207 tione
349 2148 406 2208 sibi
420 2151 516 2209 minus
537 2152 656 2230 propria
672 2149 834 2209 adhibitam
847 2151 936 2209 fuisse
948 2149 1052 2210 scribit
1070 2149 1275 2211 Phavorinus:
1295 2145 1339 2213 Ἐσ

243 2226 353 2296 τούτου
372 2233 405 2298 dd
428 2241 666 2316 καταγοηστοκοῖς
683 2234 794 2317 ἒρῤέθη
813 2237 966 2316 παῤῥησία
985 2234 1037 2297 toul
1058 2233 1091 2298 td
1111 2231 1231 2318 θοὶρᾆς
1251 2233 1339 2314 toiri

131 2311 189 2367 ⁰⁰¹·
208 2315 227 2368 2
244 2317 372 2393 ἐξουσία.
404 2323 452 2380 Ea
464 2322 521 2380 ltoc
538 2333 640 2380 autem
651 2342 708 2398 per
721 2321 894 2378 abusionem.
910 2321 1062 2403 noddntlo
1075 2317 1162 2380 dieta
1176 2332 1220 2380 est
1233 2333 1261 2380 et
1275 2323 1339 2379 arti·

243 2407 287 2460 mi
308 2408 422 2483 virtue,
444 2418 472 2468 et
485 2409 574 2469 vires.
618 2406 736 2486 [Caesar
749 2425 812 2466 non
825 2407 954 2487 amplius
968 2405 1090 2467 audebit
1101 2425 1149 2467 rea
1162 2427 1180 2466 a
1194 2427 1226 2466 se
1246 2416 1337 2488 gestat

242 2487 362 2549 iactare.
546 2531 553 2553 ε

327 2490 400 2641 itio.
423 2569 535 2648 Kallias
559 2563 795 2658 σονθρήνησον]
821 2574 863 2648 lle
884 2575 985 2656 Cyzici
1005 2575 1197 2636 obsidiones
1220 2574 1339 2634 Mithri·

243 2657 311 2717 date
325 2661 421 2738 posita
437 2662 496 2739 agit
511 2662 613 2720 Cicero
623 2683 680 2740 pru
696 2663 778 2740 Lege
794 2662 927 2718 Manilia
940 2661 972 2720 iu
984 2662 1146 2742 principio,
1167 2661 1219 2720 ubi
1233 2663 1265 2719 L.
1279 2662 1338 2718 Lu-

244 2743 317 2800 culli
340 2745 457 2822 laudes,
480 2747 533 2824 qui
557 2747 699 2827 Cyzicum
715 2747 751 2804 ab
766 2746 986 2826 oppugnatione
998 2745 1178 2806 Mithridatis
1196 2747 1336 2820 liberavit,

210 2894 212 2902 .
242 2831 425 2910 perstringit.
469 2831 580 2890 Verum
599 2833 722 2911 propius
736 2831 826 2890 hosca
840 2851 942 2890 versus
956 2831 1088 2890 illustrat
1106 2833 1263 2913 Appianae
1276 2831 1335 2890 dle·

242 2915 407 2975 xandrinua
427 2914 465 2974 de
487 2917 563 2975 bello
584 2914 796 2978 Mithridatico
825 2937 853 2995 p·
868 2921 939 2982 221.
961 2936 1012 2975 seu
1033 2917 1072 2976 al.
1091 2921 1165 2983 371.
1189 2918 1239 2997 qui
1261 2916 1334 2976 urbis

151 3048 153 3052 .
243 2999 419 3062 incendium
443 3002 598 3078 describit,
628 3002 708 3083 quod
726 2999 778 3060 hic
799 3009 943 3060 memorat
963 3001 1155 3062 Theodosius.
1197 3004 1243 3062 lta
1262 3002 1333 3060 enim

243 3085 358 3164 inquit:
403 3089 464 3150 Kal
482 3085 552 3150 τάδε
574 3083 677 3162 αὐτοῖς
696 3081 926 3167 φερεπονοὶτατα
942 3083 981 3166 dn*
997 3090 1245 3164 κακοπαθοῦσιν,
1262 3081 1333 3166 ’ὅμως

244 3193 277 3254 γε
290 3177 347 3234 τοῦ
360 3175 475 3253 τείχους
490 3169 607 3254 ἐκαύθη
620 3197 649 3236 το
664 3171 715 3234 καὶ
730 3171 891 3234 συνέπεσεν
906 3173 948 3245 εἰς
963 3171 1103 3250 ἑσπέραν·
1119 3167 1157 3235 ου’
1168 3169 1231 3252 μήν
1246 3171 1333 3250 ἔφθα-

244 3255 278 3317 ot
291 3279 336 3331 τις
354 3255 534 3341 ἑσσούμενος
556 3259 598 3323 ἔτι
615 3254 749 3342 θερμόν,
772 3251 840 3318 ἄλλ’
857 3251 944 3320 αὐτοὶ
961 3251 1183 3330 transnatatis
1198 3277 1334 3340 περιῳκο-

237 3334 381 3420 Ιδόμησαν
401 3345 434 3406 ol
453 3347 625 3425 Κυζικηνοί.
675 3342 821 3401 Attamen
843 3363 957 3400 omnem
972 3343 1109 3402 laborem
1120 3345 1334 3421 patientissime

238 3427 385 3504 ferentes,
409 3431 524 3508 efficere
538 3453 597 3489 nun
615 3439 792 3510 potuerunt,
808 3430 881 3508 quin
898 3449 976 3506 para
988 3431 1137 3487 moenitcrn
1154 3439 1262 3486 exusta
1273 3447 1335 3485 cor·

243 3523 341 3569 rueret
361 3514 418 3572 sub
439 3536 608 3594 vesperam:
631 3515 686 3574 sed
698 3525 824 3595 propter
842 3515 973 3572 calorem
995 3511 1131 3572 incendii
1147 3535 1231 3572 nemo
1247 3515 1336 3571 suati-

244 3601 313 3654 nuit
331 3600 513 3678 irrumperet
533 3623 638 3662 uerum
659 3605 720 3683 ipsi
742 3601 878 3682 Cyziceni
890 3611 982 3658 οοοια
995 3599 1227 3658 substraxerunt
1237 3599 1335 3657 muni

242 3685 354 3740 tionem
377 3685 485 3750 alium.

327 3792 398 3885 261.
420 3781 611 3874 Ἰσοκρατεῖς]
634 3788 680 3849 Ita
702 3790 778 3851 bene
803 3786 1021 3849 emendandum
1043 3786 1103 3846 iam
1122 3785 1238 3850 viderat
1254 3785 1335 3846 etiarn

242 3871 408 4026 combibb'l
422 3957 548 4040 Εἰαεῖν]
572 3959 616 4018 Ita
637 3967 716 4018 certe
733 3957 889 4037 legendum
909 3967 969 4035 est,
991 3978 1054 4017 non
1075 3952 1176 4030 sinor,
1197 3964 1233 4014 ut
1248 3953 1337 4014 edidit

238 4045 409 4124 Cornelias,
433 4047 484 4126 qui
505 4055 604 4105 tamen
625 4045 721 4108 εἰπεῖν
745 4043 950 4123 reponendum
974 4063 1053 4122 esse,
1076 4053 1106 4102 et
1122 4041 1186 4122 ipse
1210 4039 1336 4099 adnota-

237 4139 395 4284 vmbffl,
415 4215 467 4291 Ὡς
484 4211 523 4280 ὃν
538 4215 643 4299 βαδίζῃ
661 4212 736 4297 χείρ]
760 4213 806 4272 lix
822 4210 869 4271 hia
890 4210 1009 4271 duobus
1028 4203 1187 4298 ¹Theodosii
1206 4207 1335 4268 versabas

238 4309 341 4380 aperte
360 4303 530 4381 colligitur,
552 4321 621 4361 eum
642 4301 691 4364 vel
712 4297 881 4381 scriptione,
901 4297 953 4358 val
975 4305 1055 4356 certe
1075 4294 1264 4356 conscribere
1281 4312 1335 4354 ro-
