<?xml version="1.0" encoding="UTF-8"?>
<!DOCTYPE html PUBLIC "-//W3C//DTD XHTML 1.0 Transitional//EN"
    "http://www.w3.org/TR/xhtml1/DTD/xhtml1-transitional.dtd">
<html xmlns="http://www.w3.org/1999/xhtml" xml:lang="en" lang="en">
 <head>
  <title>
</title>
<meta http-equiv="Content-Type" content="text/html;charset=utf-8" />
  <meta name='ocr-system' content='tesseract 3.04.00' />
  <meta name='ocr-capabilities' content='ocr_page ocr_carea ocr_par ocr_line ocrx_word'/>
</head>
<body>
  <div class='ocr_page' id='page_1' title='image "./leonisdiaconica00theogoog_0406.png"; bbox 0 0 2786 4620; ppageno 0'>
   <div class='ocr_carea' id='block_1_1' title="bbox 233 349 1008 424">
    <p class='ocr_par' dir='ltr' id='par_1_1' title="bbox 233 349 1008 424">
     <span class='ocr_line' id='line_1_1' title="bbox 233 349 1008 424; baseline -0.001 -1"><span class='ocrx_word' id='word_1_1' title='bbox 233 349 307 424; x_wconf 80' lang='lat'>358</span> <span class='ocrx_word' id='word_1_2' title='bbox 519 352 782 422; x_wconf 85' lang='lat' dir='ltr'>LUITPRANDI</span> <span class='ocrx_word' id='word_1_3' title='bbox 811 353 1008 422; x_wconf 85' lang='lat' dir='ltr'><strong>LEGATIO</strong></span> 
     </span>
    </p>
   </div>
   <div class='ocr_carea' id='block_1_2' title="bbox 115 513 1320 4370">
    <p class='ocr_par' dir='ltr' id='par_1_2' title="bbox 115 513 1320 4370">
     <span class='ocr_line' id='line_1_2' title="bbox 236 513 1315 601; baseline -0.003 -22"><span class='ocrx_word' id='word_1_4' title='bbox 236 519 289 601; x_wconf 88' lang='lat' dir='ltr'>qui</span> <span class='ocrx_word' id='word_1_5' title='bbox 304 527 349 579; x_wconf 87' lang='lat' dir='ltr'>est</span> <span class='ocrx_word' id='word_1_6' title='bbox 369 516 455 578; x_wconf 88' lang='lat' dir='ltr'>locus</span> <span class='ocrx_word' id='word_1_7' title='bbox 471 515 572 576; x_wconf 84' lang='lat' dir='ltr'>dedem</span> <span class='ocrx_word' id='word_1_8' title='bbox 593 523 624 574; x_wconf 90' lang='lat' dir='ltr'>et</span> <span class='ocrx_word' id='word_1_9' title='bbox 641 522 709 574; x_wconf 88' lang='lat' dir='ltr'>octo</span> <span class='ocrx_word' id='word_1_10' title='bbox 727 513 901 575; x_wconf 77' lang='lat' dir='ltr'>milliaribus</span> <span class='ocrx_word' id='word_1_11' title='bbox 917 515 1173 597; x_wconf 82' lang='lat' dir='ltr'>Corratantinopoli</span> <span class='ocrx_word' id='word_1_12' title='bbox 1194 515 1315 595; x_wconf 85' lang='lat' dir='ltr'>distans,</span> 
     </span>
     <span class='ocr_line' id='line_1_3' title="bbox 236 615 1318 701; baseline -0.003 -20"><span class='ocrx_word' id='word_1_13' title='bbox 236 618 419 701; x_wconf 83' lang='lat' dir='ltr'>Nicephorus</span> <span class='ocrx_word' id='word_1_14' title='bbox 435 635 481 677; x_wconf 94' lang='lat' dir='ltr'>me</span> <span class='ocrx_word' id='word_1_15' title='bbox 494 615 633 676; x_wconf 85' lang='lat' dir='ltr'>accersiri</span> <span class='ocrx_word' id='word_1_16' title='bbox 644 616 735 694; x_wconf 88' lang='lat' dir='ltr'>iubet,</span> <span class='ocrx_word' id='word_1_17' title='bbox 750 617 798 676; x_wconf 90' lang='lat' dir='ltr'>cui</span> <span class='ocrx_word' id='word_1_18' title='bbox 814 627 844 676; x_wconf 93' lang='lat' dir='ltr'>et</span> <span class='ocrx_word' id='word_1_19' title='bbox 855 617 914 677; x_wconf 74' lang='lat' dir='ltr'>aits</span> <span class='ocrx_word' id='word_1_20' title='bbox 934 617 1075 677; x_wconf 79' lang='lat' dir='ltr'><strong>Putabam</strong></span> <span class='ocrx_word' id='word_1_21' title='bbox 1087 625 1117 676; x_wconf 89' lang='lat' dir='ltr'>te</span> <span class='ocrx_word' id='word_1_22' title='bbox 1131 617 1253 697; x_wconf 91' lang='lat' dir='ltr'>quidem</span> <span class='ocrx_word' id='word_1_23' title='bbox 1267 620 1318 678; x_wconf 92' lang='lat' dir='ltr'>vi-</span> 
     </span>
     <span class='ocr_line' id='line_1_4' title="bbox 235 716 1319 802; baseline -0.002 -19"><span class='ocrx_word' id='word_1_24' title='bbox 235 743 304 786; x_wconf 89' lang='lat' dir='ltr'>rum</span> <span class='ocrx_word' id='word_1_25' title='bbox 329 741 467 802; x_wconf 86' lang='lat' dir='ltr'>magnum</span> <span class='ocrx_word' id='word_1_26' title='bbox 488 727 517 778; x_wconf 87' lang='lat' dir='ltr'>et</span> <span class='ocrx_word' id='word_1_27' title='bbox 537 716 694 778; x_wconf 90' lang='lat' dir='ltr'>honestum</span> <span class='ocrx_word' id='word_1_28' title='bbox 717 739 751 780; x_wconf 89' lang='lat' dir='ltr'>ea</span> <span class='ocrx_word' id='word_1_29' title='bbox 769 720 863 799; x_wconf 84' lang='lat' dir='ltr'>gratia</span> <span class='ocrx_word' id='word_1_30' title='bbox 880 718 942 780; x_wconf 89' lang='lat' dir='ltr'>huc</span> <span class='ocrx_word' id='word_1_31' title='bbox 958 719 1090 796; x_wconf 86' lang='lat' dir='ltr'>venisse,</span> <span class='ocrx_word' id='word_1_32' title='bbox 1116 730 1153 778; x_wconf 88' lang='lat' dir='ltr'>ut</span> <span class='ocrx_word' id='word_1_33' title='bbox 1170 723 1319 802; x_wconf 85' lang='lat' dir='ltr'>completa</span> 
     </span>
     <span class='ocr_line' id='line_1_5' title="bbox 237 821 1319 902; baseline -0.006 -14"><span class='ocrx_word' id='word_1_34' title='bbox 237 825 406 888; x_wconf 89' lang='lat' dir='ltr'>omnimodo</span> <span class='ocrx_word' id='word_1_35' title='bbox 417 823 573 884; x_wconf 87' lang='lat' dir='ltr'>voluntate</span> <span class='ocrx_word' id='word_1_36' title='bbox 583 840 647 882; x_wconf 90' lang='lat' dir='ltr'>mea</span> <span class='ocrx_word' id='word_1_37' title='bbox 663 831 836 902; x_wconf 88' lang='lat' dir='ltr'>perpetuam</span> <span class='ocrx_word' id='word_1_38' title='bbox 854 821 933 883; x_wconf 88' lang='lat' dir='ltr'>inter</span> <span class='ocrx_word' id='word_1_39' title='bbox 952 841 1000 881; x_wconf 89' lang='lat' dir='ltr'>me</span> <span class='ocrx_word' id='word_1_40' title='bbox 1018 832 1048 882; x_wconf 92' lang='lat' dir='ltr'>et</span> <span class='ocrx_word' id='word_1_41' title='bbox 1068 821 1319 882; x_wconf 88' lang='lat' dir='ltr'>dominumtuum</span> 
     </span>
     <span class='ocr_line' id='line_1_6' title="bbox 234 923 1318 1004; baseline -0.004 -16"><span class='ocrx_word' id='word_1_42' title='bbox 234 926 429 988; x_wconf 74' lang='lat' dir='ltr'>constitueres</span> <span class='ocrx_word' id='word_1_43' title='bbox 447 925 614 986; x_wconf 75' lang='lat' dir='ltr'>amicitiam.</span> <span class='ocrx_word' id='word_1_44' title='bbox 660 925 700 986; x_wconf 91' lang='lat' dir='ltr'>Et</span> <span class='ocrx_word' id='word_1_45' title='bbox 720 923 859 1004; x_wconf 89' lang='lat' dir='ltr'>quoniam</span> <span class='ocrx_word' id='word_1_46' title='bbox 879 924 916 983; x_wconf 88' lang='lat' dir='ltr'>ob</span> <span class='ocrx_word' id='word_1_47' title='bbox 944 924 1041 984; x_wconf 88' lang='lat' dir='ltr'>cordis</span> <span class='ocrx_word' id='word_1_48' title='bbox 1058 923 1103 982; x_wconf 88' lang='lat' dir='ltr'>tui</span> <span class='ocrx_word' id='word_1_49' title='bbox 1124 924 1263 983; x_wconf 86' lang='lat' dir='ltr'>duritiem</span> <span class='ocrx_word' id='word_1_50' title='bbox 1284 925 1318 984; x_wconf 92' lang='lat' dir='ltr'>id</span> 
     </span>
     <span class='ocr_line' id='line_1_7' title="bbox 233 1026 1320 1106; baseline -0.01 -15"><span class='ocrx_word' id='word_1_51' title='bbox 233 1031 330 1091; x_wconf 83' lang='lat' dir='ltr'>facere</span> <span class='ocrx_word' id='word_1_52' title='bbox 342 1028 435 1104; x_wconf 89' lang='lat' dir='ltr'>nolis,</span> <span class='ocrx_word' id='word_1_53' title='bbox 455 1047 549 1088; x_wconf 86' lang='lat' dir='ltr'>unum</span> <span class='ocrx_word' id='word_1_54' title='bbox 564 1029 684 1103; x_wconf 87' lang='lat' dir='ltr'>saltem,</span> <span class='ocrx_word' id='word_1_55' title='bbox 706 1026 787 1105; x_wconf 92' lang='lat' dir='ltr'>quod</span> <span class='ocrx_word' id='word_1_56' title='bbox 800 1027 896 1086; x_wconf 84' lang='lat' dir='ltr'>secere</span> <span class='ocrx_word' id='word_1_57' title='bbox 909 1026 985 1086; x_wconf 87' lang='lat' dir='ltr'>iusta</span> <span class='ocrx_word' id='word_1_58' title='bbox 997 1026 1111 1086; x_wconf 83' lang='lat' dir='ltr'>ratione</span> <span class='ocrx_word' id='word_1_59' title='bbox 1123 1027 1235 1106; x_wconf 86' lang='lat' dir='ltr'>possis,</span> <span class='ocrx_word' id='word_1_60' title='bbox 1257 1026 1320 1086; x_wconf 85' lang='lat' dir='ltr'>effi.</span> 
     </span>
     <span class='ocr_line' id='line_1_8' title="bbox 232 1127 1317 1208; baseline -0.002 -18"><span class='ocrx_word' id='word_1_61' title='bbox 232 1130 309 1206; x_wconf 81' lang='lat' dir='ltr'>cit03</span> <span class='ocrx_word' id='word_1_62' title='bbox 333 1129 449 1190; x_wconf 84' lang='lat' dir='ltr'>scilieet</span> <span class='ocrx_word' id='word_1_63' title='bbox 462 1129 615 1192; x_wconf 88' lang='lat' dir='ltr'>domiuum</span> <span class='ocrx_word' id='word_1_64' title='bbox 637 1138 724 1188; x_wconf 89' lang='lat' dir='ltr'>tuum</span> <span class='ocrx_word' id='word_1_65' title='bbox 748 1127 935 1208; x_wconf 73' lang='lat' dir='ltr'>Principibus</span> <span class='ocrx_word' id='word_1_66' title='bbox 956 1128 1094 1207; x_wconf 78' lang='lat' dir='ltr'>capuano</span> <span class='ocrx_word' id='word_1_67' title='bbox 1116 1138 1146 1188; x_wconf 93' lang='lat' dir='ltr'>et</span> <span class='ocrx_word' id='word_1_68' title='bbox 1162 1129 1317 1190; x_wconf 75' lang='lat' dir='ltr'>Beneven-</span> 
     </span>
     <span class='ocr_line' id='line_1_9' title="bbox 233 1230 1317 1312; baseline 0.002 -22"><span class='ocrx_word' id='word_1_69' title='bbox 233 1240 323 1308; x_wconf 88' lang='lat' dir='ltr'>tano,</span> <span class='ocrx_word' id='word_1_70' title='bbox 347 1232 439 1292; x_wconf 86' lang='lat' dir='ltr'>servis</span> <span class='ocrx_word' id='word_1_71' title='bbox 454 1231 542 1308; x_wconf 87' lang='lat' dir='ltr'>meis,</span> <span class='ocrx_word' id='word_1_72' title='bbox 570 1251 644 1311; x_wconf 91' lang='lat' dir='ltr'>quos</span> <span class='ocrx_word' id='word_1_73' title='bbox 657 1249 834 1311; x_wconf 74' lang='lat' dir='ltr'>¹oppugnare</span> <span class='ocrx_word' id='word_1_74' title='bbox 850 1230 992 1312; x_wconf 88' lang='lat' dir='ltr'>dispono,</span> <span class='ocrx_word' id='word_1_75' title='bbox 1017 1231 1136 1289; x_wconf 89' lang='lat' dir='ltr'>nullum</span> <span class='ocrx_word' id='word_1_76' title='bbox 1158 1233 1317 1292; x_wconf 87' lang='lat' dir='ltr'>consilium</span> 
     </span>
     <span class='ocr_line' id='line_1_10' title="bbox 233 1332 1316 1412; baseline 0.006 -20"><span class='ocrx_word' id='word_1_77' title='bbox 233 1335 428 1396; x_wconf 88' lang='lat' dir='ltr'>collaturum.</span> <span class='ocrx_word' id='word_1_78' title='bbox 480 1335 540 1394; x_wconf 89' lang='lat' dir='ltr'>Sua</span> <span class='ocrx_word' id='word_1_79' title='bbox 564 1332 615 1412; x_wconf 92' lang='lat' dir='ltr'>qui</span> <span class='ocrx_word' id='word_1_80' title='bbox 641 1351 704 1392; x_wconf 90' lang='lat' dir='ltr'>non</span> <span class='ocrx_word' id='word_1_81' title='bbox 734 1333 879 1411; x_wconf 86' lang='lat' dir='ltr'>largitur,</span> <span class='ocrx_word' id='word_1_82' title='bbox 907 1341 1011 1392; x_wconf 87' lang='lat' dir='ltr'>nostra</span> <span class='ocrx_word' id='word_1_83' title='bbox 1040 1333 1144 1393; x_wconf 87' lang='lat' dir='ltr'>saltem</span> <span class='ocrx_word' id='word_1_84' title='bbox 1173 1333 1316 1398; x_wconf 85' lang='lat' dir='ltr'>dimittat.</span> 
     </span>
     <span class='ocr_line' id='line_1_11' title="bbox 234 1433 1317 1516; baseline 0 -20"><span class='ocrx_word' id='word_1_85' title='bbox 234 1433 319 1497; x_wconf 82' lang='lat' dir='ltr'>Nova</span> <span class='ocrx_word' id='word_1_86' title='bbox 332 1457 380 1497; x_wconf 89' lang='lat' dir='ltr'>res</span> <span class='ocrx_word' id='word_1_87' title='bbox 393 1444 454 1513; x_wconf 88' lang='lat' dir='ltr'>est,</span> <span class='ocrx_word' id='word_1_88' title='bbox 475 1435 558 1516; x_wconf 89' lang='lat' dir='ltr'>qued</span> <span class='ocrx_word' id='word_1_89' title='bbox 576 1454 678 1494; x_wconf 90' lang='lat' dir='ltr'>eorum</span> <span class='ocrx_word' id='word_1_90' title='bbox 693 1443 792 1514; x_wconf 88' lang='lat' dir='ltr'>patres</span> <span class='ocrx_word' id='word_1_91' title='bbox 819 1443 849 1493; x_wconf 94' lang='lat' dir='ltr'>et</span> <span class='ocrx_word' id='word_1_92' title='bbox 870 1435 918 1494; x_wconf 87' lang='lat' dir='ltr'>avi</span> <span class='ocrx_word' id='word_1_93' title='bbox 940 1443 1042 1494; x_wconf 88' lang='lat' dir='ltr'>nostro</span> <span class='ocrx_word' id='word_1_94' title='bbox 1057 1435 1183 1515; x_wconf 89' lang='lat' dir='ltr'>Imperio</span> <span class='ocrx_word' id='word_1_95' title='bbox 1203 1437 1317 1496; x_wconf 84' lang='lat' dir='ltr'>tributa</span> 
     </span>
     <span class='ocr_line' id='line_1_12' title="bbox 234 1535 1316 1618; baseline 0 -20"><span class='ocrx_word' id='word_1_96' title='bbox 234 1535 397 1615; x_wconf 89' lang='lat' dir='ltr'>dederunt;</span> <span class='ocrx_word' id='word_1_97' title='bbox 420 1547 451 1596; x_wconf 93' lang='lat' dir='ltr'>at</span> <span class='ocrx_word' id='word_1_98' title='bbox 466 1537 498 1598; x_wconf 94' lang='lat' dir='ltr'>id</span> <span class='ocrx_word' id='word_1_99' title='bbox 512 1537 586 1597; x_wconf 86' lang='lat' dir='ltr'>istos</span> <span class='ocrx_word' id='word_1_100' title='bbox 604 1536 688 1596; x_wconf 89' lang='lat' dir='ltr'>brevi</span> <span class='ocrx_word' id='word_1_101' title='bbox 706 1545 839 1617; x_wconf 90' lang='lat' dir='ltr'>tempore</span> <span class='ocrx_word' id='word_1_102' title='bbox 857 1537 988 1596; x_wconf 86' lang='lat' dir='ltr'>facturos</span> <span class='ocrx_word' id='word_1_103' title='bbox 1007 1537 1125 1618; x_wconf 84' lang='lat' dir='ltr'>imperii</span> <span class='ocrx_word' id='word_1_104' title='bbox 1143 1540 1239 1598; x_wconf 84' lang='lat' dir='ltr'>nostn&#39;</span> <span class='ocrx_word' id='word_1_105' title='bbox 1260 1559 1316 1598; x_wconf 86' lang='lat' dir='ltr'>ex-</span> 
     </span>
     <span class='ocr_line' id='line_1_13' title="bbox 206 1636 1316 1720; baseline 0.001 -21"><span class='ocrx_word' id='word_1_106' title='bbox 206 1636 343 1700; x_wconf 75' lang='lat' dir='ltr'>Eereitus</span> <span class='ocrx_word' id='word_1_107' title='bbox 363 1639 518 1699; x_wconf 79' lang='lat' dir='ltr'>laborabit.</span> <span class='ocrx_word' id='word_1_108' title='bbox 560 1637 616 1696; x_wconf 87' lang='lat' dir='ltr'>Cui</span> <span class='ocrx_word' id='word_1_109' title='bbox 637 1637 776 1716; x_wconf 86' lang='lat' dir='ltr'>inquam:</span> <span class='ocrx_word' id='word_1_110' title='bbox 798 1638 953 1719; x_wconf 86' lang='lat' dir='ltr'>Principes</span> <span class='ocrx_word' id='word_1_111' title='bbox 975 1639 1026 1698; x_wconf 90' lang='lat' dir='ltr'>isti</span> <span class='ocrx_word' id='word_1_112' title='bbox 1051 1638 1182 1720; x_wconf 85' lang='lat' dir='ltr'>apprime</span> <span class='ocrx_word' id='word_1_113' title='bbox 1200 1641 1316 1700; x_wconf 89' lang='lat' dir='ltr'>nobiles</span> 
     </span>
     <span class='ocr_line' id='line_1_14' title="bbox 233 1737 1319 1818; baseline 0 -16"><span class='ocrx_word' id='word_1_114' title='bbox 233 1751 263 1802; x_wconf 88' lang='lat' dir='ltr'>et</span> <span class='ocrx_word' id='word_1_115' title='bbox 276 1741 389 1799; x_wconf 90' lang='lat' dir='ltr'>domini</span> <span class='ocrx_word' id='word_1_116' title='bbox 402 1741 461 1800; x_wconf 92' lang='lat' dir='ltr'>mei</span> <span class='ocrx_word' id='word_1_117' title='bbox 476 1747 546 1798; x_wconf 91' lang='lat' dir='ltr'>sunt</span> <span class='ocrx_word' id='word_1_118' title='bbox 561 1737 688 1816; x_wconf 88' lang='lat' dir='ltr'>milites;</span> <span class='ocrx_word' id='word_1_119' title='bbox 709 1741 761 1818; x_wconf 91' lang='lat' dir='ltr'>qui</span> <span class='ocrx_word' id='word_1_120' title='bbox 781 1741 806 1799; x_wconf 89' lang='lat' dir='ltr'>si</span> <span class='ocrx_word' id='word_1_121' title='bbox 822 1744 967 1802; x_wconf 86' lang='lat' dir='ltr'>senserint¹</span> <span class='ocrx_word' id='word_1_122' title='bbox 982 1742 1145 1802; x_wconf 86' lang='lat' dir='ltr'>exercitum</span> <span class='ocrx_word' id='word_1_123' title='bbox 1159 1751 1247 1801; x_wconf 90' lang='lat' dir='ltr'>tuum</span> <span class='ocrx_word' id='word_1_124' title='bbox 1264 1763 1319 1802; x_wconf 87' lang='lat' dir='ltr'>su-</span> 
     </span>
     <span class='ocr_line' id='line_1_15' title="bbox 232 1841 1316 1922; baseline 0.001 -20"><span class='ocrx_word' id='word_1_125' title='bbox 232 1862 289 1922; x_wconf 87' lang='lat' dir='ltr'>per</span> <span class='ocrx_word' id='word_1_126' title='bbox 310 1861 359 1900; x_wconf 88' lang='lat' dir='ltr'>eos</span> <span class='ocrx_word' id='word_1_127' title='bbox 380 1843 511 1919; x_wconf 87' lang='lat' dir='ltr'>irruere,</span> <span class='ocrx_word' id='word_1_128' title='bbox 542 1841 583 1902; x_wconf 88' lang='lat' dir='ltr'>eis</span> <span class='ocrx_word' id='word_1_129' title='bbox 604 1841 704 1921; x_wconf 88' lang='lat' dir='ltr'>copias</span> <span class='ocrx_word' id='word_1_130' title='bbox 724 1841 840 1918; x_wconf 90' lang='lat' dir='ltr'>mittet,</span> <span class='ocrx_word' id='word_1_131' title='bbox 869 1843 1043 1922; x_wconf 86' lang='lat' dir='ltr'>quibuscum</span> <span class='ocrx_word' id='word_1_132' title='bbox 1063 1853 1132 1903; x_wconf 88' lang='lat' dir='ltr'>tuos</span> <span class='ocrx_word' id='word_1_133' title='bbox 1155 1852 1316 1922; x_wconf 83' lang='lat' dir='ltr'>conterere,</span> 
     </span>
     <span class='ocr_line' id='line_1_16' title="bbox 232 1942 1317 2026; baseline 0.002 -22"><span class='ocrx_word' id='word_1_134' title='bbox 232 1953 265 2004; x_wconf 86' lang='lat' dir='ltr'>et</span> <span class='ocrx_word' id='word_1_135' title='bbox 286 1942 346 2003; x_wconf 89' lang='lat' dir='ltr'>duo</span> <span class='ocrx_word' id='word_1_136' title='bbox 366 1944 418 2004; x_wconf 89' lang='lat' dir='ltr'>illa</span> <span class='ocrx_word' id='word_1_137' title='bbox 435 1943 581 2019; x_wconf 86' lang='lat' dir='ltr'>themata,</span> <span class='ocrx_word' id='word_1_138' title='bbox 604 1963 679 2022; x_wconf 89' lang='lat' dir='ltr'>quae</span> <span class='ocrx_word' id='word_1_139' title='bbox 700 1943 781 2001; x_wconf 88' lang='lat' dir='ltr'>ultra</span> <span class='ocrx_word' id='word_1_140' title='bbox 803 1963 883 2002; x_wconf 88' lang='lat' dir='ltr'>mare</span> <span class='ocrx_word' id='word_1_141' title='bbox 902 1943 1008 2022; x_wconf 87' lang='lat' dir='ltr'>babes,</span> <span class='ocrx_word' id='word_1_142' title='bbox 1030 1943 1084 2004; x_wconf 88' lang='lat' dir='ltr'>tibi</span> <span class='ocrx_word' id='word_1_143' title='bbox 1104 1947 1317 2026; x_wconf 87' lang='lat' dir='ltr'>praevalebunt</span> 
     </span>
     <span class='ocr_line' id='line_1_17' title="bbox 234 2044 1313 2124; baseline 0.004 -20"><span class='ocrx_word' id='word_1_144' title='bbox 234 2045 360 2106; x_wconf 80' lang='lat' dir='ltr'>auferre.</span> <span class='ocrx_word' id='word_1_145' title='bbox 406 2045 493 2104; x_wconf 84' lang='lat' dir='ltr'>Tunc</span> <span class='ocrx_word' id='word_1_146' title='bbox 513 2045 635 2104; x_wconf 83' lang='lat' dir='ltr'>bufonis</span> <span class='ocrx_word' id='word_1_147' title='bbox 657 2044 690 2103; x_wconf 90' lang='lat' dir='ltr'>in</span> <span class='ocrx_word' id='word_1_148' title='bbox 711 2045 833 2105; x_wconf 87' lang='lat' dir='ltr'>modum</span> <span class='ocrx_word' id='word_1_149' title='bbox 856 2047 1052 2124; x_wconf 80' lang='lat' dir='ltr'>tumefactus,</span> <span class='ocrx_word' id='word_1_150' title='bbox 1083 2055 1113 2105; x_wconf 91' lang='lat' dir='ltr'>et</span> <span class='ocrx_word' id='word_1_151' title='bbox 1128 2057 1313 2124; x_wconf 57' lang='lat' dir='ltr'>{commotae</span> 
     </span>
     <span class='ocr_line' id='line_1_18' title="bbox 115 2146 1314 2230; baseline 0.003 -24"><span class='ocrx_word' id='word_1_152' title='bbox 115 2149 118 2164; x_wconf 73' lang='grc'><em>“</em></span> <span class='ocrx_word' id='word_1_153' title='bbox 230 2146 368 2226; x_wconf 78' lang='lat' dir='ltr'>Discede,</span> <span class='ocrx_word' id='word_1_154' title='bbox 394 2146 502 2229; x_wconf 90' lang='lat' dir='ltr'>inquit.</span> <span class='ocrx_word' id='word_1_155' title='bbox 544 2147 600 2208; x_wconf 90' lang='lat' dir='ltr'>Per</span> <span class='ocrx_word' id='word_1_156' title='bbox 618 2165 681 2224; x_wconf 89' lang='lat' dir='ltr'>me,</span> <span class='ocrx_word' id='word_1_157' title='bbox 702 2166 757 2227; x_wconf 87' lang='lat' dir='ltr'>per</span> <span class='ocrx_word' id='word_1_158' title='bbox 776 2147 827 2228; x_wconf 92' lang='lat' dir='ltr'>qui</span> <span class='ocrx_word' id='word_1_159' title='bbox 848 2169 895 2206; x_wconf 91' lang='lat' dir='ltr'>me</span> <span class='ocrx_word' id='word_1_160' title='bbox 914 2149 1003 2207; x_wconf 86' lang='lat' dir='ltr'>talem</span> <span class='ocrx_word' id='word_1_161' title='bbox 1023 2167 1149 2226; x_wconf 89' lang='lat' dir='ltr'>genuere</span> <span class='ocrx_word' id='word_1_162' title='bbox 1165 2160 1314 2230; x_wconf 83' lang='lat' dir='ltr'>parentes,</span> 
     </span>
     <span class='ocr_line' id='line_1_19' title="bbox 231 2247 1316 2329; baseline 0.004 -20"><span class='ocrx_word' id='word_1_163' title='bbox 231 2249 355 2327; x_wconf 81' lang='lat' dir='ltr'>seciam,</span> <span class='ocrx_word' id='word_1_164' title='bbox 377 2257 411 2309; x_wconf 92' lang='lat' dir='ltr'>ut</span> <span class='ocrx_word' id='word_1_165' title='bbox 429 2247 511 2309; x_wconf 87' lang='lat' dir='ltr'>eliud</span> <span class='ocrx_word' id='word_1_166' title='bbox 532 2247 669 2307; x_wconf 89' lang='lat' dir='ltr'>dominus</span> <span class='ocrx_word' id='word_1_167' title='bbox 682 2257 771 2327; x_wconf 92' lang='lat' dir='ltr'>tuus,</span> <span class='ocrx_word' id='word_1_168' title='bbox 794 2269 882 2329; x_wconf 90' lang='lat' dir='ltr'>quam</span> <span class='ocrx_word' id='word_1_169' title='bbox 906 2249 1067 2310; x_wconf 87' lang='lat' dir='ltr'>desertores</span> <span class='ocrx_word' id='word_1_170' title='bbox 1089 2271 1190 2311; x_wconf 85' lang='lat' dir='ltr'>servos</span> <span class='ocrx_word' id='word_1_171' title='bbox 1210 2253 1316 2312; x_wconf 89' lang='lat' dir='ltr'>defen-</span> 
     </span>
     <span class='ocr_line' id='line_1_20' title="bbox 231 2349 1315 2432; baseline 0.001 -19"><span class='ocrx_word' id='word_1_172' title='bbox 231 2349 301 2414; x_wconf 85' lang='lat' dir='ltr'>dere</span> <span class='ocrx_word' id='word_1_173' title='bbox 317 2352 433 2430; x_wconf 84' lang='lat' dir='ltr'>cogitet.</span> <span class='ocrx_word' id='word_1_174' title='bbox 476 2349 609 2428; x_wconf 86' lang='lat' dir='ltr'>Cumque</span> <span class='ocrx_word' id='word_1_175' title='bbox 625 2349 750 2426; x_wconf 89' lang='lat' dir='ltr'>abirem,</span> <span class='ocrx_word' id='word_1_176' title='bbox 771 2351 858 2410; x_wconf 90' lang='lat' dir='ltr'>iussit</span> <span class='ocrx_word' id='word_1_177' title='bbox 874 2351 1047 2432; x_wconf 84' lang='lat' dir='ltr'>interpreti,</span> <span class='ocrx_word' id='word_1_178' title='bbox 1067 2373 1114 2413; x_wconf 88' lang='lat' dir='ltr'>me</span> <span class='ocrx_word' id='word_1_179' title='bbox 1128 2353 1186 2414; x_wconf 91' lang='lat' dir='ltr'>sibi</span> <span class='ocrx_word' id='word_1_180' title='bbox 1206 2357 1315 2414; x_wconf 79' lang='lat' dir='ltr'>conri-</span> 
     </span>
     <span class='ocr_line' id='line_1_21' title="bbox 229 2447 1315 2535; baseline 0.004 -24"><span class='ocrx_word' id='word_1_181' title='bbox 229 2471 298 2511; x_wconf 89' lang='lat' dir='ltr'>vam</span> <span class='ocrx_word' id='word_1_182' title='bbox 317 2452 400 2512; x_wconf 77' lang='lat' dir='ltr'>fieris</span> <span class='ocrx_word' id='word_1_183' title='bbox 430 2447 592 2528; x_wconf 83' lang='lat' dir='ltr'>accitisque</span> <span class='ocrx_word' id='word_1_184' title='bbox 621 2452 790 2512; x_wconf 89' lang='lat' dir='ltr'>eorumdem</span> <span class='ocrx_word' id='word_1_185' title='bbox 808 2451 980 2533; x_wconf 89' lang='lat' dir='ltr'>Principum</span> <span class='ocrx_word' id='word_1_186' title='bbox 1007 2455 1098 2516; x_wconf 81' lang='lat' dir='ltr'>tratre</span> <span class='ocrx_word' id='word_1_187' title='bbox 1119 2467 1149 2514; x_wconf 90' lang='lat' dir='ltr'>et</span> <span class='ocrx_word' id='word_1_188' title='bbox 1167 2456 1315 2535; x_wconf 81' lang='lat' dir='ltr'>Byzantio</span> 
     </span>
     <span class='ocr_line' id='line_1_22' title="bbox 122 2550 1313 2634; baseline 0.008 -28"><span class='ocrx_word' id='word_1_189' title='bbox 122 2554 180 2608; x_wconf 84' lang='lat' dir='ltr'>Col.</span> <span class='ocrx_word' id='word_1_190' title='bbox 195 2556 215 2611; x_wconf 82' lang='lat'>2</span> <span class='ocrx_word' id='word_1_191' title='bbox 230 2551 398 2627; x_wconf 84' lang='lat' dir='ltr'>Barisiano,</span> <span class='ocrx_word' id='word_1_192' title='bbox 430 2566 549 2628; x_wconf 86' lang='lat' dir='ltr'>magnas</span> <span class='ocrx_word' id='word_1_193' title='bbox 571 2550 603 2610; x_wconf 90' lang='lat' dir='ltr'>iu</span> <span class='ocrx_word' id='word_1_194' title='bbox 620 2571 688 2629; x_wconf 82' lang='lat' dir='ltr'>ros,</span> <span class='ocrx_word' id='word_1_195' title='bbox 710 2564 885 2634; x_wconf 87' lang='lat' dir='ltr'>gentemque</span> <span class='ocrx_word' id='word_1_196' title='bbox 915 2555 1037 2614; x_wconf 86' lang='lat' dir='ltr'>latinam</span> <span class='ocrx_word' id='word_1_197' title='bbox 1065 2566 1095 2616; x_wconf 94' lang='lat' dir='ltr'>et</span> <span class='ocrx_word' id='word_1_198' title='bbox 1120 2558 1313 2617; x_wconf 77' lang='lat' dir='ltr'>Teutonicum</span> 
     </span>
     <span class='ocr_line' id='line_1_23' title="bbox 230 2652 1313 2740; baseline 0.009 -30"><span class='ocrx_word' id='word_1_199' title='bbox 230 2652 424 2710; x_wconf 88' lang='lat' dir='ltr'>contumelias</span> <span class='ocrx_word' id='word_1_200' title='bbox 445 2671 581 2712; x_wconf 87' lang='lat' dir='ltr'>evomere</span> <span class='ocrx_word' id='word_1_201' title='bbox 600 2653 694 2713; x_wconf 90' lang='lat' dir='ltr'>iussit.</span> <span class='ocrx_word' id='word_1_202' title='bbox 738 2655 846 2716; x_wconf 87' lang='lat' dir='ltr'>Verum</span> <span class='ocrx_word' id='word_1_203' title='bbox 870 2676 936 2715; x_wconf 87' lang='lat' dir='ltr'>cum</span> <span class='ocrx_word' id='word_1_204' title='bbox 959 2678 975 2715; x_wconf 92' lang='lat' dir='ltr'>a</span> <span class='ocrx_word' id='word_1_205' title='bbox 998 2658 1116 2718; x_wconf 86' lang='lat' dir='ltr'>sordida</span> <span class='ocrx_word' id='word_1_206' title='bbox 1137 2679 1228 2718; x_wconf 88' lang='lat' dir='ltr'>coena</span> <span class='ocrx_word' id='word_1_207' title='bbox 1246 2658 1313 2740; x_wconf 86' lang='lat' dir='ltr'>ipse</span> 
     </span>
     <span class='ocr_line' id='line_1_24' title="bbox 229 2751 1315 2836; baseline 0.008 -26"><span class='ocrx_word' id='word_1_208' title='bbox 229 2751 429 2829; x_wconf 81' lang='lat' dir='ltr'>discederem,</span> <span class='ocrx_word' id='word_1_209' title='bbox 457 2753 576 2812; x_wconf 91' lang='lat' dir='ltr'>nunciis</span> <span class='ocrx_word' id='word_1_210' title='bbox 599 2753 799 2834; x_wconf 84' lang='lat' dir='ltr'>interpositis,</span> <span class='ocrx_word' id='word_1_211' title='bbox 829 2759 905 2817; x_wconf 91' lang='lat' dir='ltr'>clam</span> <span class='ocrx_word' id='word_1_212' title='bbox 927 2759 1002 2819; x_wconf 91' lang='lat' dir='ltr'>mihi</span> <span class='ocrx_word' id='word_1_213' title='bbox 1024 2761 1256 2836; x_wconf 82' lang='lat' dir='ltr'>mandaverunt,</span> <span class='ocrx_word' id='word_1_214' title='bbox 1285 2770 1315 2819; x_wconf 91' lang='lat' dir='ltr'>et</span> 
     </span>
     <span class='ocr_line' id='line_1_25' title="bbox 229 2851 1312 2942; baseline 0.011 -32"><span class='ocrx_word' id='word_1_215' title='bbox 229 2851 420 2928; x_wconf 90' lang='lat' dir='ltr'>iuraverunt,</span> <span class='ocrx_word' id='word_1_216' title='bbox 442 2874 474 2912; x_wconf 88' lang='lat' dir='ltr'>se</span> <span class='ocrx_word' id='word_1_217' title='bbox 492 2873 566 2932; x_wconf 90' lang='lat' dir='ltr'>quae</span> <span class='ocrx_word' id='word_1_218' title='bbox 579 2855 761 2918; x_wconf 75' lang='lat' dir='ltr'>Intraverunt</span> <span class='ocrx_word' id='word_1_219' title='bbox 776 2879 836 2920; x_wconf 88' lang='lat' dir='ltr'>noo</span> <span class='ocrx_word' id='word_1_220' title='bbox 850 2872 972 2941; x_wconf 89' lang='lat' dir='ltr'>sponte,</span> <span class='ocrx_word' id='word_1_221' title='bbox 995 2863 1045 2921; x_wconf 89' lang='lat' dir='ltr'>sed</span> <span class='ocrx_word' id='word_1_222' title='bbox 1060 2864 1241 2942; x_wconf 79' lang='lat' dir='ltr'>Imperatore</span> <span class='ocrx_word' id='word_1_223' title='bbox 1254 2883 1312 2924; x_wconf 90' lang='lat' dir='ltr'>vo-</span> 
     </span>
     <span class='ocr_line' id='line_1_26' title="bbox 228 2953 1313 3044; baseline 0.013 -32"><span class='ocrx_word' id='word_1_224' title='bbox 228 2953 309 3013; x_wconf 90' lang='lat' dir='ltr'>lente</span> <span class='ocrx_word' id='word_1_225' title='bbox 330 2962 358 3012; x_wconf 88' lang='lat' dir='ltr'>et</span> <span class='ocrx_word' id='word_1_226' title='bbox 379 2953 576 3014; x_wconf 84' lang='lat' dir='ltr'>comminante</span> <span class='ocrx_word' id='word_1_227' title='bbox 598 2956 714 3017; x_wconf 86' lang='lat' dir='ltr'>dixisse.</span> <span class='ocrx_word' id='word_1_228' title='bbox 763 2961 822 3021; x_wconf 87' lang='lat' dir='ltr'>Sed</span> <span class='ocrx_word' id='word_1_229' title='bbox 842 2971 872 3022; x_wconf 90' lang='lat' dir='ltr'>et</span> <span class='ocrx_word' id='word_1_230' title='bbox 894 2963 974 3024; x_wconf 91' lang='lat' dir='ltr'>idem</span> <span class='ocrx_word' id='word_1_231' title='bbox 1000 2965 1186 3044; x_wconf 87' lang='lat' dir='ltr'>Nicephorue</span> <span class='ocrx_word' id='word_1_232' title='bbox 1207 2967 1242 3025; x_wconf 90' lang='lat' dir='ltr'>in</span> <span class='ocrx_word' id='word_1_233' title='bbox 1262 2987 1313 3026; x_wconf 83' lang='lat' dir='ltr'>ea-</span> 
     </span>
     <span class='ocr_line' id='line_1_27' title="bbox 229 3054 1312 3144; baseline 0.012 -30"><span class='ocrx_word' id='word_1_234' title='bbox 229 3054 297 3114; x_wconf 89' lang='lat' dir='ltr'>dem</span> <span class='ocrx_word' id='word_1_235' title='bbox 321 3075 412 3116; x_wconf 88' lang='lat' dir='ltr'>coens</span> <span class='ocrx_word' id='word_1_236' title='bbox 431 3076 479 3116; x_wconf 89' lang='lat' dir='ltr'>me</span> <span class='ocrx_word' id='word_1_237' title='bbox 491 3057 699 3137; x_wconf 85' lang='lat' dir='ltr'>interrogavit,</span> <span class='ocrx_word' id='word_1_238' title='bbox 721 3062 746 3120; x_wconf 86' lang='lat' dir='ltr'>si</span> <span class='ocrx_word' id='word_1_239' title='bbox 759 3081 812 3122; x_wconf 89' lang='lat' dir='ltr'>vos</span> <span class='ocrx_word' id='word_1_240' title='bbox 824 3064 984 3144; x_wconf 85' lang='lat' dir='ltr'>perivolia,</span> <span class='ocrx_word' id='word_1_241' title='bbox 1005 3065 1037 3124; x_wconf 91' lang='lat' dir='ltr'>id</span> <span class='ocrx_word' id='word_1_242' title='bbox 1051 3076 1094 3126; x_wconf 87' lang='lat' dir='ltr'>est</span> <span class='ocrx_word' id='word_1_243' title='bbox 1108 3067 1204 3128; x_wconf 86' lang='lat' dir='ltr'>brolia</span> <span class='ocrx_word' id='word_1_244' title='bbox 1222 3069 1272 3128; x_wconf 88' lang='lat' dir='ltr'>vel</span> <span class='ocrx_word' id='word_1_245' title='bbox 1286 3071 1312 3128; x_wconf 90' lang='lat' dir='ltr'>si</span> 
     </span>
     <span class='ocr_line' id='line_1_28' title="bbox 226 3157 1311 3237; baseline 0.014 -22"><span class='ocrx_word' id='word_1_246' title='bbox 226 3157 380 3236; x_wconf 89' lang='lat' dir='ltr'>perivoliis</span> <span class='ocrx_word' id='word_1_247' title='bbox 399 3179 540 3237; x_wconf 82' lang='lat' dir='ltr'>onagros,</span> <span class='ocrx_word' id='word_1_248' title='bbox 561 3161 611 3221; x_wconf 86' lang='lat' dir='ltr'>vel</span> <span class='ocrx_word' id='word_1_249' title='bbox 622 3170 736 3224; x_wconf 86' lang='lat' dir='ltr'>caetera</span> <span class='ocrx_word' id='word_1_250' title='bbox 755 3165 892 3224; x_wconf 89' lang='lat' dir='ltr'>animalia</span> <span class='ocrx_word' id='word_1_251' title='bbox 906 3165 1060 3228; x_wconf 86' lang='lat' dir='ltr'>haberetis.</span> <span class='ocrx_word' id='word_1_252' title='bbox 1104 3169 1240 3228; x_wconf 85' lang='lat' dir='ltr'>Caicum</span> <span class='ocrx_word' id='word_1_253' title='bbox 1256 3163 1311 3230; x_wconf 84' lang='lat' dir='ltr'>vo&#39;s</span> 
     </span>
     <span class='ocr_line' id='line_1_29' title="bbox 227 3254 1310 3348; baseline 0.014 -32"><span class='ocrx_word' id='word_1_254' title='bbox 227 3254 337 3336; x_wconf 90' lang='lat' dir='ltr'>brolia,</span> <span class='ocrx_word' id='word_1_255' title='bbox 361 3269 391 3321; x_wconf 90' lang='lat' dir='ltr'>et</span> <span class='ocrx_word' id='word_1_256' title='bbox 411 3260 445 3320; x_wconf 89' lang='lat' dir='ltr'>iu</span> <span class='ocrx_word' id='word_1_257' title='bbox 459 3264 564 3324; x_wconf 86' lang='lat' dir='ltr'>broliis</span> <span class='ocrx_word' id='word_1_258' title='bbox 580 3265 734 3344; x_wconf 89' lang='lat' dir='ltr'>animalia,</span> <span class='ocrx_word' id='word_1_259' title='bbox 755 3267 873 3344; x_wconf 86' lang='lat' dir='ltr'>onagris</span> <span class='ocrx_word' id='word_1_260' title='bbox 886 3269 1035 3348; x_wconf 85' lang='lat' dir='ltr'>exceptis,</span> <span class='ocrx_word' id='word_1_261' title='bbox 1052 3267 1161 3330; x_wconf 87' lang='lat' dir='ltr'>hebere</span> <span class='ocrx_word' id='word_1_262' title='bbox 1176 3271 1310 3331; x_wconf 87' lang='lat' dir='ltr'>affirma-</span> 
     </span>
     <span class='ocr_line' id='line_1_30' title="bbox 226 3359 1309 3452; baseline 0.016 -35"><span class='ocrx_word' id='word_1_263' title='bbox 226 3375 306 3417; x_wconf 83' lang='lat' dir='ltr'>rem:</span> <span class='ocrx_word' id='word_1_264' title='bbox 326 3359 433 3420; x_wconf 87' lang='lat' dir='ltr'>ducam</span> <span class='ocrx_word' id='word_1_265' title='bbox 448 3373 496 3439; x_wconf 90' lang='lat' dir='ltr'>te,</span> <span class='ocrx_word' id='word_1_266' title='bbox 517 3365 630 3446; x_wconf 91' lang='lat' dir='ltr'>inquit,</span> <span class='ocrx_word' id='word_1_267' title='bbox 651 3368 683 3427; x_wconf 91' lang='lat' dir='ltr'>in</span> <span class='ocrx_word' id='word_1_268' title='bbox 699 3377 832 3429; x_wconf 89' lang='lat' dir='ltr'>nostrum</span> <span class='ocrx_word' id='word_1_269' title='bbox 845 3370 1036 3448; x_wconf 83' lang='lat' dir='ltr'>perivolium,</span> <span class='ocrx_word' id='word_1_270' title='bbox 1058 3371 1142 3432; x_wconf 87' lang='lat' dir='ltr'>cuius</span> <span class='ocrx_word' id='word_1_271' title='bbox 1155 3374 1309 3452; x_wconf 86' lang='lat' dir='ltr'>magnitu-</span> 
     </span>
     <span class='ocr_line' id='line_1_31' title="bbox 229 3454 1308 3546; baseline 0.022 -32"><span class='ocrx_word' id='word_1_272' title='bbox 229 3454 344 3534; x_wconf 89' lang='lat' dir='ltr'>dinem,</span> <span class='ocrx_word' id='word_1_273' title='bbox 366 3469 396 3519; x_wconf 90' lang='lat' dir='ltr'>et</span> <span class='ocrx_word' id='word_1_274' title='bbox 410 3482 549 3544; x_wconf 73' lang='lat' dir='ltr'>onagm,</span> <span class='ocrx_word' id='word_1_275' title='bbox 569 3467 660 3527; x_wconf 90' lang='lat' dir='ltr'>idest</span> <span class='ocrx_word' id='word_1_276' title='bbox 677 3469 825 3531; x_wconf 87' lang='lat' dir='ltr'>silvestres</span> <span class='ocrx_word' id='word_1_277' title='bbox 843 3471 956 3546; x_wconf 88' lang='lat' dir='ltr'>asinos,</span> <span class='ocrx_word' id='word_1_278' title='bbox 978 3482 1008 3533; x_wconf 92' lang='lat' dir='ltr'>te</span> <span class='ocrx_word' id='word_1_279' title='bbox 1021 3473 1132 3535; x_wconf 88' lang='lat' dir='ltr'>vidisse</span> <span class='ocrx_word' id='word_1_280' title='bbox 1147 3475 1308 3539; x_wconf 88' lang='lat' dir='ltr'>miraberis.</span> 
     </span>
     <span class='ocr_line' id='line_1_32' title="bbox 196 3557 1309 3656; baseline 0.021 -40"><span class='ocrx_word' id='word_1_281' title='bbox 196 3557 342 3619; x_wconf 77' lang='lat' dir='ltr'>Bliuctus</span> <span class='ocrx_word' id='word_1_282' title='bbox 363 3561 464 3641; x_wconf 89' lang='lat' dir='ltr'>itaque</span> <span class='ocrx_word' id='word_1_283' title='bbox 483 3567 517 3624; x_wconf 92' lang='lat' dir='ltr'>in</span> <span class='ocrx_word' id='word_1_284' title='bbox 534 3568 713 3648; x_wconf 87' lang='lat' dir='ltr'>perivolium</span> <span class='ocrx_word' id='word_1_285' title='bbox 728 3572 798 3630; x_wconf 85' lang='lat' dir='ltr'>satis</span> <span class='ocrx_word' id='word_1_286' title='bbox 819 3592 973 3650; x_wconf 87' lang='lat' dir='ltr'>magnum,</span> <span class='ocrx_word' id='word_1_287' title='bbox 1003 3585 1209 3656; x_wconf 87' lang='lat' dir='ltr'>montuosum,</span> <span class='ocrx_word' id='word_1_288' title='bbox 1240 3581 1309 3639; x_wconf 86' lang='lat' dir='ltr'>sru-</span> 
     </span>
     <span class='ocr_line' id='line_1_33' title="bbox 225 3662 1307 3760; baseline 0.02 -41"><span class='ocrx_word' id='word_1_289' title='bbox 225 3670 379 3749; x_wconf 86' lang='lat' dir='ltr'>ctuosum,</span> <span class='ocrx_word' id='word_1_290' title='bbox 405 3662 526 3724; x_wconf 88' lang='lat' dir='ltr'>minime</span> <span class='ocrx_word' id='word_1_291' title='bbox 550 3689 719 3748; x_wconf 90' lang='lat' dir='ltr'>amoenum,</span> <span class='ocrx_word' id='word_1_292' title='bbox 749 3693 818 3731; x_wconf 88' lang='lat' dir='ltr'>curn</span> <span class='ocrx_word' id='word_1_293' title='bbox 843 3674 967 3752; x_wconf 83' lang='lat' dir='ltr'>pileatus</span> <span class='ocrx_word' id='word_1_294' title='bbox 990 3678 1167 3757; x_wconf 79' lang='lat' dir='ltr'>equitarem,</span> <span class='ocrx_word' id='word_1_295' title='bbox 1200 3701 1307 3760; x_wconf 87' lang='lat' dir='ltr'>meque</span> 
     </span>
     <span class='ocr_line' id='line_1_34' title="bbox 224 3761 1308 3857; baseline 0.016 -37"><span class='ocrx_word' id='word_1_296' title='bbox 224 3761 395 3842; x_wconf 84' lang='lat' dir='ltr'>Coroplates</span> <span class='ocrx_word' id='word_1_297' title='bbox 410 3787 425 3823; x_wconf 88' lang='lat' dir='ltr'>u</span> <span class='ocrx_word' id='word_1_298' title='bbox 443 3767 529 3846; x_wconf 91' lang='lat' dir='ltr'>longe</span> <span class='ocrx_word' id='word_1_299' title='bbox 543 3772 742 3851; x_wconf 91' lang='lat' dir='ltr'>prospiceret,</span> <span class='ocrx_word' id='word_1_300' title='bbox 763 3775 825 3835; x_wconf 87' lang='lat' dir='ltr'>filio</span> <span class='ocrx_word' id='word_1_301' title='bbox 839 3777 973 3837; x_wconf 88' lang='lat' dir='ltr'>celeriter</span> <span class='ocrx_word' id='word_1_302' title='bbox 988 3778 1100 3840; x_wconf 89' lang='lat' dir='ltr'>directo</span> <span class='ocrx_word' id='word_1_303' title='bbox 1108 3826 1117 3857; x_wconf 95' lang='lat'>,</span> <span class='ocrx_word' id='word_1_304' title='bbox 1138 3781 1213 3842; x_wconf 91' lang='lat' dir='ltr'>mihi</span> <span class='ocrx_word' id='word_1_305' title='bbox 1226 3805 1308 3843; x_wconf 87' lang='lat' dir='ltr'>man.</span> 
     </span>
     <span class='ocr_line' id='line_1_35' title="bbox 224 3859 1306 3964; baseline 0.023 -43"><span class='ocrx_word' id='word_1_306' title='bbox 224 3859 326 3940; x_wconf 87' lang='lat' dir='ltr'>davit,</span> <span class='ocrx_word' id='word_1_307' title='bbox 353 3865 397 3924; x_wconf 83' lang='lat' dir='ltr'>fas</span> <span class='ocrx_word' id='word_1_308' title='bbox 419 3887 480 3928; x_wconf 91' lang='lat' dir='ltr'>non</span> <span class='ocrx_word' id='word_1_309' title='bbox 503 3888 564 3930; x_wconf 87' lang='lat' dir='ltr'>esse</span> <span class='ocrx_word' id='word_1_310' title='bbox 582 3875 766 3954; x_wconf 87' lang='lat' dir='ltr'>quempiam,</span> <span class='ocrx_word' id='word_1_311' title='bbox 788 3877 839 3934; x_wconf 90' lang='lat' dir='ltr'>ubi</span> <span class='ocrx_word' id='word_1_312' title='bbox 859 3879 1022 3959; x_wconf 82' lang='lat' dir='ltr'>Irrrperutor</span> <span class='ocrx_word' id='word_1_313' title='bbox 1042 3893 1131 3958; x_wconf 84' lang='lat' dir='ltr'>esset,</span> <span class='ocrx_word' id='word_1_314' title='bbox 1152 3885 1306 3964; x_wconf 87' lang='lat' dir='ltr'>pileatum,</span> 
     </span>
     <span class='ocr_line' id='line_1_36' title="bbox 224 3963 1306 4060; baseline 0.019 -35"><span class='ocrx_word' id='word_1_315' title='bbox 224 3963 277 4025; x_wconf 89' lang='lat' dir='ltr'>sed</span> <span class='ocrx_word' id='word_1_316' title='bbox 295 3967 477 4027; x_wconf 83' lang='lat' dir='ltr'>teristratum</span> <span class='ocrx_word' id='word_1_317' title='bbox 496 3969 641 4036; x_wconf 87' lang='lat' dir='ltr'>incedere.</span> <span class='ocrx_word' id='word_1_318' title='bbox 684 3976 738 4034; x_wconf 81' lang='lat' dir='ltr'>Gui</span> <span class='ocrx_word' id='word_1_319' title='bbox 755 3978 906 4056; x_wconf 86' lang='lat' dir='ltr'>mulieres,</span> <span class='ocrx_word' id='word_1_320' title='bbox 928 3981 1064 4060; x_wconf 86' lang='lat' dir='ltr'>inquam,</span> <span class='ocrx_word' id='word_1_321' title='bbox 1085 3995 1203 4045; x_wconf 84' lang='lat' dir='ltr'>nostrae</span> <span class='ocrx_word' id='word_1_322' title='bbox 1219 3987 1306 4048; x_wconf 77' lang='lat' dir='ltr'>tiara.</span> 
     </span>
     <span class='ocr_line' id='line_1_37' title="bbox 221 4069 1306 4169; baseline 0.02 -43"><span class='ocrx_word' id='word_1_323' title='bbox 221 4073 271 4126; x_wconf 84' lang='lat' dir='ltr'>tae</span> <span class='ocrx_word' id='word_1_324' title='bbox 292 4075 322 4125; x_wconf 88' lang='lat' dir='ltr'>et</span> <span class='ocrx_word' id='word_1_325' title='bbox 343 4069 517 4150; x_wconf 83' lang='lat' dir='ltr'>teristratae,</span> <span class='ocrx_word' id='word_1_326' title='bbox 539 4075 598 4134; x_wconf 84' lang='lat' dir='ltr'>viri</span> <span class='ocrx_word' id='word_1_327' title='bbox 617 4079 750 4156; x_wconf 83' lang='lat' dir='ltr'>equitent</span> <span class='ocrx_word' id='word_1_328' title='bbox 768 4081 878 4159; x_wconf 84' lang='lat' dir='ltr'>pileati.</span> <span class='ocrx_word' id='word_1_329' title='bbox 922 4085 983 4142; x_wconf 88' lang='lat' dir='ltr'>Nec</span> <span class='ocrx_word' id='word_1_330' title='bbox 1001 4085 1085 4143; x_wconf 91' lang='lat' dir='ltr'>decet</span> <span class='ocrx_word' id='word_1_331' title='bbox 1099 4105 1153 4145; x_wconf 92' lang='lat' dir='ltr'>vos</span> <span class='ocrx_word' id='word_1_332' title='bbox 1170 4089 1306 4169; x_wconf 87' lang='lat' dir='ltr'>compel-</span> 
     </span>
     <span class='ocr_line' id='line_1_38' title="bbox 221 4167 1303 4252; baseline 0.023 -27"><span class='ocrx_word' id='word_1_333' title='bbox 221 4167 284 4226; x_wconf 89' lang='lat' dir='ltr'>lere</span> <span class='ocrx_word' id='word_1_334' title='bbox 301 4169 433 4246; x_wconf 86' lang='lat' dir='ltr'>patrium</span> <span class='ocrx_word' id='word_1_335' title='bbox 450 4193 497 4233; x_wconf 89' lang='lat' dir='ltr'>me</span> <span class='ocrx_word' id='word_1_336' title='bbox 516 4175 566 4236; x_wconf 88' lang='lat' dir='ltr'>bic</span> <span class='ocrx_word' id='word_1_337' title='bbox 581 4187 694 4240; x_wconf 86' lang='lat' dir='ltr'>mutare</span> <span class='ocrx_word' id='word_1_338' title='bbox 710 4203 837 4243; x_wconf 86' lang='lat' dir='ltr'>morem:</span> <span class='ocrx_word' id='word_1_339' title='bbox 860 4205 927 4242; x_wconf 87' lang='lat' dir='ltr'>cunr</span> <span class='ocrx_word' id='word_1_340' title='bbox 944 4195 1058 4244; x_wconf 84' lang='lat' dir='ltr'>vestros</span> <span class='ocrx_word' id='word_1_341' title='bbox 1076 4207 1131 4247; x_wconf 89' lang='lat' dir='ltr'>noa</span> <span class='ocrx_word' id='word_1_342' title='bbox 1160 4191 1303 4252; x_wconf 84' lang='lat' dir='ltr'>adeuntes</span> 
     </span>
     <span class='ocr_line' id='line_1_39' title="bbox 221 4268 1304 4370; baseline 0.028 -46"><span class='ocrx_word' id='word_1_343' title='bbox 221 4268 352 4348; x_wconf 87' lang='lat' dir='ltr'>patrium</span> <span class='ocrx_word' id='word_1_344' title='bbox 371 4293 484 4338; x_wconf 90' lang='lat' dir='ltr'>morena</span> <span class='ocrx_word' id='word_1_345' title='bbox 503 4287 602 4343; x_wconf 89' lang='lat' dir='ltr'>tenere</span> <span class='ocrx_word' id='word_1_346' title='bbox 619 4283 760 4346; x_wconf 76' lang='lat' dir='ltr'>ebruinus:</span> <span class='ocrx_word' id='word_1_347' title='bbox 787 4287 925 4346; x_wconf 87' lang='lat' dir='ltr'>manicati</span> <span class='ocrx_word' id='word_1_348' title='bbox 947 4287 1041 4364; x_wconf 90' lang='lat' dir='ltr'>enim,</span> <span class='ocrx_word' id='word_1_349' title='bbox 1063 4287 1176 4350; x_wconf 79' lang='lat' dir='ltr'>fasciati</span> <span class='ocrx_word' id='word_1_350' title='bbox 1182 4339 1193 4370; x_wconf 94' lang='lat'>,</span> <span class='ocrx_word' id='word_1_351' title='bbox 1221 4295 1304 4356; x_wconf 87' lang='lat' dir='ltr'>fibu-</span> 
     </span>
    </p>
   </div>
   <div class='ocr_carea' id='block_1_3' title="bbox 0 0 1398 4620">
    <p class='ocr_par' dir='ltr' id='par_1_3' title="bbox 0 0 1398 4620">
     <span class='ocr_line' id='line_1_40' title="bbox 0 0 1398 4620; baseline 0 4"><span class='ocrx_word' id='word_1_352' title='bbox 0 0 1398 4620; x_wconf 95' lang='lat' dir='ltr'> </span> 
     </span>
    </p>
   </div>
  </div>
 </body>
</html>
