2788 4616
225 283 300 360 444
567 297 604 368 C·
623 298 659 366 Β.
678 293 796 368 lusu
812 299 963 370 NOTAE

225 455 315 518 tinem
332 473 436 518 versus
448 452 538 517 habet
553 454 643 536 haec,
663 457 760 534 prima
780 477 886 520 manus
902 405 1041 541 387de
1056 451 1081 539 ’l
1096 416 1236 541 παροῦόα
1251 458 1304 543 pt.

113 554 145 614 Ρ·
159 559 212 616 217
227 563 299 646 βίος
313 561 409 648 οίιιείγ
422 561 496 645 χειρί
512 557 631 644 Nimiae
650 543 763 628 αδῖταδ.
791 563 836 638 (h.
853 583 879 624 s.
899 564 1181 645 πρωτοσπαδαρίου)
1197 563 1306 647 τοίγε·

223 641 346 732 γονότος
366 643 430 732 (hic
454 647 555 727 priore
573 649 724 729 scriptura
748 649 784 709 de
805 649 951 708 industria
974 667 1053 707 erasa
1073 648 1243 709 interlitum
1263 657 1311 710 est

223 751 315 792 manu
333 751 390 791 seo.
412 733 608 813 δροογγαρίοο
623 737 679 797 τοῦ
694 735 823 814 πίοίμου
840 733 910 814 [sicz
931 733 1064 811 seqnitur
1084 731 1170 794 locus
1188 733 1309 793 lacera-

223 814 305 898 tus])
319 813 337 858 ⁴¹
349 813 455 893 όντου,
484 810 620 896 οίδελφοιῖ
638 818 720 898 [inde
732 837 837 878 manus
857 816 966 898 prima]
988 812 1112 897 Μιχαῆλ
1135 818 1309 900 πατρικίου,

221 901 426 986 πραιποεσίτου
441 900 493 963 καί
511 899 634 981 βίστου,
654 896 810 985 γεγονότος
829 901 1096 983 προτοβεστιαρίου
1113 897 1308 986 Νικηφόρου,

221 991 279 1049 τοῦ
293 985 481 1065 φιλογρίστον
494 983 656 1048 δεσπότου·
679 985 765 1061 ’ὄντος
779 979 874 1049 odron
887 986 919 1048 ἕν
932 989 976 1070 τῷ
990 987 1179 1071 δεσμωτηρίῳ
1195 981 1309 1067 'Appe-

220 1073 292 1150 πῆς,
313 1066 385 1148 μηνὶ
398 1071 587 1156 Σεπτεμβρίφ
604 1071 660 1133 tot.
674 1065 708 1134 ι’·
729 1069 780 1134 καί
797 1064 927 1150 ἐπεδόθη
941 1071 974 1134 ἐν
986 1075 1029 1156 τῷ
1042 1075 1105 1157 ναῷ
1117 1094 1135 1132 τ
1152 1071 1236 1144 [inde
1250 1072 1306 1131 de·

219 1173 281 1214 nuo
299 1173 402 1213 manus
417 1156 563 1231 secunda,
585 1156 673 1215 erasis
692 1165 754 1216 arte
771 1155 932 1235 prioribus]
948 1159 989 1218 osi
1003 1154 1090 1239 clyton
1108 1155 1160 1218 καί
1178 1150 1307 1232 ἐνδόξου

218 1233 477 1321 μεγαίομόρτυρος
494 1241 641 1321 Ιεοιργίοο
655 1244 709 1303 τοῦ
722 1236 857 1319 Ὅριιίτου
874 1236 961 1322 [sic],
982 1241 1109 1320 πλησίον
1121 1236 1308 1323 Θεομόρφου

221 1323 293 1403 [εἰσι
321 1322 455 1403 sequitur
470 1343 562 1384 manu
577 1323 685 1406 prima]
702 1321 734 1386 δν
756 1322 813 1386 ires
827 1318 937 1408 Ιςυοδ,
957 1324 1014 1387 tot.
1031 1319 1077 1387 ιδ’.
1119 1323 1226 1399 tudes,
1246 1345 1307 1405 pro

218 1407 343 1468 nomine
357 1408 514 1486 eeclesiae,
537 1410 586 1468 cui
604 1410 667 1489 ipse
684 1409 800 1468 Nicetes
815 1409 954 1468 Codicem
969 1429 986 1469 a
1004 1427 1035 1468 se
1049 1407 1193 1489 scriptum
1211 1407 1307 1469 clitu-

219 1491 311 1569 larat,
331 1513 441 1553 nomen
452 1494 588 1570 alterius,
607 1513 697 1573 penes
711 1513 799 1572 quam
811 1494 958 1574 posterius
972 1492 1188 1570 asservabatur,
1210 1494 1306 1553 fuisse

220 1576 421 1638 substitutum.
468 1578 572 1636 Totam
592 1577 838 1656 subscriptionem
859 1579 1002 1638 dederunt
1023 1579 1082 1637 iam
1102 1579 1307 1638 Montefalcc·

218 1663 286 1722 nius
301 1661 508 1742 Palaeograph.
525 1662 576 1727 46.
591 1662 624 1719 Δ.
641 1671 670 1720 ct
689 1658 877 1722 coniectores
893 1662 1023 1740 Catulogi
1043 1683 1110 1723 mss.
1123 1661 1304 1724 Bililiothec.

217 1745 289 1822 lleg.
303 1746 340 1806 11.
356 1747 407 1811 74.
422 1747 456 1804 D.
470 1747 512 1804 ite
526 1755 641 1821 umen,
661 1755 695 1806 ut
710 1747 798 1806 aliter
811 1747 942 1824 legerent
956 1756 1044 1826 atquo
1057 1765 1110 1826 ego
1124 1745 1158 1818 iu
1172 1746 1306 1806 minimis

217 1829 408 1908 quibusdam,
430 1849 505 1909 quoa
520 1831 597 1888 tanti
611 1849 672 1889 non
686 1841 757 1891 sunt
772 1840 806 1891 ut
824 1831 875 1891 hic
892 1833 1067 1894 referantur.
1110 1831 1226 1907 Annua,
1243 1851 1304 1910 quo

189 1915 371 1994 Bpereratus
393 1923 438 1973 est
457 1914 572 1992 Codex,
601 1915 733 1975 excunit
750 1917 784 1975 in
803 1936 828 1975 ε.
845 1915 956 1975 Christi
977 1921 1053 1984 967:
1082 1934 1140 1995 quo
1160 1916 1303 1976 ecclesiae

217 1998 362 2074 donatus,
389 1998 423 2056 in
442 2019 470 2060 a.
490 2005 561 2065 971.
579 1994 781 2080 monstratque
797 2000 962 2080 scriptura,
985 1997 1067 2060 hunc
1081 1999 1216 2059 nicetam
1232 2001 1304 2059 lite-

215 2092 314 2144 ratum
329 2082 420 2142 fuisse
434 2103 561 2161 suaeque
578 2084 696 2166 linguae
711 2103 835 2162 gnarum
851 2085 1018 2145 hominem:
1043 2084 1128 2143 ouius
1142 2085 1169 2143 si
1183 2094 1302 2144 tantum

216 2189 248 2227 se
262 2167 437 2226 declarasset
449 2168 598 2246 ingenium
609 2170 688 2228 bello
701 2168 846 2246 obeundo,
868 2178 980 2248 quanta
992 2170 1024 2227 in
1039 2169 1147 2228 Codice
1159 2189 1303 2249 pergi-an.

169 2325 173 2332 ¹
215 2252 248 2313 di
266 2253 414 2312 exarando
432 2253 528 2313 eluxit
546 2253 706 2336 patientia,
736 2271 792 2314 nae
814 2253 888 2314 bone
905 2265 972 2314 tum
992 2253 1132 2315 Romanis
1150 2255 1184 2312 iu
1200 2254 1302 2314 Sicilia

214 2338 319 2399 suisset
330 2337 508 2397 consultum.

212 2505 258 2566 flu
298 2420 453 2565 Ibidlpla'n.
471 2427 521 2489 20.
548 2416 666 2506 η’νιοίδη
689 2419 745 2506 pls
769 2421 821 2488 καί
841 2470 850 2490 .
874 2466 884 2487 .
904 2419 1026 2507 ἤλγησε]
1055 2421 1198 2504 Respexit
1219 2420 1298 2500 Age-

250 2505 305 2566 'am
318 2511 368 2571 73.
408 2551 415 2566 .

296 2587 373 2650 Ibid.
395 2591 449 2650 lin.
471 2593 521 2655 21.
542 2583 687 2678 όίίοκότςο
709 2585 912 2675 συμβόματιι]
938 2591 994 2653 Hie
1020 2589 1122 2653 deficit
1152 2588 1296 2650 Combefi-

211 2674 294 2734 sinna
314 2674 429 2748 versio,
444 2673 514 2751 Pagi
525 2674 574 2735 IV.
594 2679 643 2740 13.

294 2757 374 2836 Pag·
391 2763 440 2822 68.
461 2759 515 2816 lin·
537 2760 566 2823 4·
596 2758 705 2822 ἔσεισεν
718 2759 737 2823 δ
752 2757 826 2835 Θεδς
840 2758 924 2842 μίγα]
945 2759 1003 2819 Hic
1014 2769 1057 2820 est
1069 2769 1164 2819 teme
1183 2767 1296 2836 motus,

212 2859 300 2920 quem
323 2842 470 2902 Cedrenus
483 2842 521 2902 11.
540 2847 611 2908 660.
628 2844 662 2904 D.
680 2845 820 2904 accidisse
842 2845 885 2904 sit
900 2845 1005 2905 indict.
1023 2860 1066 2905 ιιι.
1084 2844 1121 2924 [a.
1143 2843 1229 2922 968.]
1245 2843 1294 2904 lll.

210 2927 288 2987 Non.
305 2929 341 2986 Se
362 2925 468 2986 tembr.
483 2925 558 2986 hora
572 2928 668 3008 noctis
685 2927 882 2988 duodecimo:
903 2949 973 2988 nam
990 2949 1045 3008 pro
1062 2925 1089 3008 ti
1107 2930 1141 2986 iu
1155 2947 1231 2987 cuso
1245 2949 1297 2988 re-

210 3011 300 3070 stitue
316 2947 371 3092 edd,
392 3029 430 3071 ex
443 3010 567 3072 Cedreni
579 3020 609 3070 et
622 3013 769 3092 scylitaae
786 3013 877 3077 Codd
892 3033 959 3074 mss.
973 3013 1064 3074 Paulo
1079 3021 1162 3090 ante,
1187 3031 1296 3092 nempe

109 3147 116 3158 .
207 3097 307 3176 pridie
326 3097 401 3158 Non.
419 3097 485 3156 lun.
505 3095 595 3155 liuius
617 3117 643 3156 a.
662 3101 741 3174 968,
763 3098 1051 3177 Constantinopolim
1066 3105 1190 3159 venerat
1203 3097 1297 3155 Luit-

206 3181 356 3259 prandus,
379 3181 498 3241 Ottonis
516 3179 616 3258 Magni
630 3181 671 3241 ad
683 3182 882 3262 Nicephorum
901 3183 1031 3262 legatus,
1050 3192 1087 3241 ut
1105 3183 1170 3260 ipse
1189 3189 1294 3240 auctor

208 3272 253 3322 eat
265 3267 361 3342 Legat.
375 3267 413 3324 ad
424 3264 548 3345 Nieeph.
570 3263 658 3326 Phoc.
677 3269 747 3334 135.
764 3269 797 3327 Β.
826 3269 977 3342 Quantum
988 3267 1026 3326 ad
1040 3267 1201 3326 dictionem
1216 3265 1248 3326 lu
1261 3266 1295 3344 l.‚

207 3346 275 3406 lons
288 3348 458 3410 imitationis
472 3349 523 3408 hie
538 3370 658 3430 quoque
672 3359 717 3412 est
730 3351 869 3431 Agathias
883 3351 931 3418 51.
950 3352 981 3413 C.
1000 3351 1033 3412 l).

291 3429 368 3490 Ibid.
392 3435 445 3491 lin.
466 3439 496 3498 9.
517 3435 623 3496 Αἴτιον
638 3431 672 3496 δὲ
689 3441 746 3514 τῆς
758 3432 904 3515 τοσαότης
918 3429 1055 3514 estesse]
1076 3433 1156 3494 Haec
1172 3453 1294 3515 quoque

180 3521 248 3574 ccx
262 3513 386 3592 Agathia
401 3517 450 3583 52.
464 3517 497 3575 Β.
512 3525 558 3594 et,
577 3517 629 3576 ubi
644 3519 751 3578 similia
766 3522 803 3580 ds
824 3521 917 3580 causis
937 3529 1031 3579 terrae
1048 3529 1198 3595 motuum,
1223 3522 1294 3586 149.

206 3597 240 3658 B.
259 3618 294 3655 ac
309 3599 379 3664 151.
389 3600 423 3658 B.
443 3600 544 3677 Neque
558 3601 615 3658 alia
628 3603 690 3662 sere
704 3605 864 3684 explicatio
879 3615 974 3665 temne
988 3611 1125 3663 motuum
1138 3604 1171 3662 in
1183 3604 1294 3664 Codice

206 3682 297 3760 Regio
311 3682 436 3762 physice
449 3703 482 3742 ac
494 3684 631 3743 botanica
644 3688 725 3747 varia
738 3709 806 3748 mss.
819 3688 999 3749 continenti:
1019 3686 1052 3750 ‘0
1063 3685 1184 3766 σεισμός
1197 3685 1294 3762 οὕτως

205 3767 333 3847 γίνεται·
348 3764 372 3847 ἡ
384 3771 426 3848 γῆ
441 3767 500 3848 ἔχει
511 3767 624 3849 φλέβας
634 3764 784 3854 αέριαιιδς,
798 3773 914 3836 ίνθαοί
926 3769 1032 3853 ἄνεμοι
1046 3768 1292 3854 σαγγανειίονται.

206 3849 269 3911 Kal
285 3850 354 3913 εἴσω
404 3875 423 3913 ν
436 3852 469 3914 ἐν
480 3855 519 3936 τῇ
531 3854 639 3939 καρδίᾳ
652 3861 706 3935 τῆς
716 3855 857 3939 γῆςείσίν
868 3861 1000 3919 πλατεῖαι
1013 3855 1064 3918 καί
1079 3850 1246 3938 εδρόγοιροι
1260 3855 1295 3918 αί

204 3933 314 4014 φλέβες
369 3958 426 4012 ται,
440 3933 517 3998 sord
531 3935 563 3998 δὲ
574 3934 631 4017 τὴν
645 3936 721 4018 όψιν
734 3945 788 4020 τῆς
799 3945 857 4022 γῆς
871 3940 929 4004 eloi
939 3940 1093 4004 στενωποί.
1124 3937 1293 4022 Πληθομί*

202 4039 266 4079 νοον
284 4016 388 4081 ίοιπδν
407 4024 469 4081 saie
484 4024 541 4097 φλε
562 4025 605 4082 οἷν
627 4021 750 4088 ἐκείνων
772 4018 901 4104 tetum,
915 4029 1054 4087 κινοῦσιν
1067 4024 1100 4087 ol
1110 4021 1219 4104 ἄνεμοι
1235 4027 1293 4087 τοῦ

202 4099 374 4180 δξίργεσθαι
387 4103 451 4178 ἔξω.
465 4107 568 4178 Holus
583 4102 615 4166 δὲ
624 4101 669 4169 oie
682 4105 700 4170 ό
714 4104 824 4188 despice
833 4104 1021 4185 συνταρόπει
1033 4111 1135 4170 πᾶσαν
1148 4105 1207 4188 τήν
1216 4113 1292 4188 πίη-

204 4179 364 4255 σιοίζουσαν
377 4192 446 4268 γῆν,
455 4181 494 4250 ον’
505 4193 606 4250 πᾶσαν
618 4188 652 4251 δὲ
665 4186 722 4271 τήν
736 4196 805 4270 γῆν,
815 4189 889 4256 teet
902 4189 1056 4274 μόνονιὴν
1070 4191 1293 4274 παρακειμένην

203 4263 305 4332 ἐκεῖσε.
326 4270 390 4336 Kal
401 4266 489 4355 γνότις
502 4265 717 4361 διιιστῇτοῦτο.
736 4272 812 4343 ’ίδοδ
821 4273 878 4362 γὰρ
885 4276 936 4342 καί
950 4277 985 4344 ἐν
992 4275 1066 4360 ἡμῖν
1073 4279 1186 4360 γίνεται
1192 4273 1227 4342 sd
1235 4297 1290 4346 ιτα-
