2802 4624
328 311 385 382 ,ΙΝ
405 306 647 380 THEODOSII
667 301 900 380 ACROASES.
1098 296 1171 374 641

65 495 151 554 ,μοιο
164 465 286 536 θύελλα.
305 471 391 532 fflne
404 470 523 530 boream
538 460 638 550 ἆκραῆ
650 465 735 544 dicit,
758 491 818 529 non
826 492 884 550 per
902 491 1024 530 enmma
1033 469 1176 550 flantem,

78 555 136 616 eed
143 561 252 637 potine
271 555 356 636 qnod
373 577 431 616 non
447 558 489 612 eit
503 549 577 612 aliie
587 557 682 614 uenti-r
696 555 867 616 adm-nrm:
888 556 984 614 liniue
997 558 1075 616 enim
1089 579 1177 636 nepe-

67 645 202 717 ¹ritatem
213 639 400 722 reprehendit
407 642 562 700 Homerne
570 661 599 696 eo
614 642 647 698 in
654 661 751 721 peren,
764 641 909 700 terribilis
921 653 965 699 eet
978 645 1074 700 mixta
1089 654 1176 700 vento
1200 715 1203 724 ,

70 730 221 808 procella.
264 727 344 786 Fieri
362 735 462 784 tumen
477 723 593 804 potnit,
615 733 649 784 ut
663 723 846 786 Theodosius
860 747 934 788 voce
948 721 1063 808 ἀκραὴς
1075 727 1177 788 latiori

76 815 168 872 modo
192 832 266 872 usne
287 811 327 871 eit
342 832 400 892 pro
416 829 603 890 quocumque
621 820 713 870 vento
727 810 898 871 indicendo.
942 811 1089 891 [Admisso
1104 833 1175 872 cor·

64 889 210 958 'rectione
225 907 337 971 nostro,
355 890 453 977 ὥσπερ
468 889 576 975 ἄκριες,
590 895 684 954 omnis
699 895 858 956 difficultas
871 897 1003 957 tollitur:
1017 897 1072 974 ira,
1087 919 1177 976 quam

75 983 187 1042 militen
214 981 382 1061 spirabant,
413 988 582 1059 comparata
602 1001 670 1040 curn
699 991 858 1042 ventorum
880 981 1070 1059 turbinibus,
1102 1003 1177 1062 quoe

74 1077 194 1128 montes
216 1066 368 1125 interdum
384 1065 522 1124 fundunt.
536 1065 568 1124 F.
582 1065 617 1144 1.]

164 1153 251 1232 [203.
270 1150 303 1213 ‘0
316 1144 526 1230 λαμπάδας-
540 1147 742 1231 λαμπηδόνας.
764 1151 862 1210 noctis
882 1151 1047 1229 ingruentis
1060 1151 1175 1214 descri-

75 1236 163 1318 ptio:
185 1237 253 1308 Sol,
276 1236 327 1315 qui
340 1234 453 1295 lucidas
467 1233 668 1314 pulchrasque
682 1232 886 1317 (καλοχρόους)
910 1238 988 1296 facee
1003 1238 1083 1296 iusto
1100 1249 1175 1298 tem·

74 1343 152 1403 pore
167 1322 262 1397 tollit,
283 1321 450 1400 iterumque
471 1318 603 1397 cohibet,
626 1321 799 1400 splendidos
820 1321 919 1380 rudior
942 1343 1010 1381 enos
1030 1322 1061 1380 in
1085 1323 1174 1385 morio

73 1407 218 1467 fluctibus
242 1415 382 1484 tanquam
402 1405 435 1464 in
459 1405 580 1467 lavacro
599 1405 778 1466 extinxerat.
819 1407 971 1468 Postremo
993 1406 1066 1466 heec
1079 1409 1171 1487 vulgo

74 1493 152 1552 mule
173 1513 267 1553 verse.
287 1493 320 1552 F.
334 1491 370 1571 1.]
1070 1503 1078 1524 ·

159 1579 231 1645 215.
253 1574 376 1655 Ξένους]
397 1577 441 1636 Itu
464 1577 579 1653 Codex,
609 1595 673 1636 non
697 1569 807 1653 ζώους,
836 1583 872 1634 ut
892 1574 986 1634 edidit
1007 1574 1172 1658 Cornelius,

73 1662 126 1744 qui
142 1672 242 1721 tomen
256 1661 359 1736 ξένους
376 1663 590 1722 emendandum
607 1681 668 1721 esse
681 1663 754 1720 bene
769 1661 893 1722 censuit.

159 1753 230 1814 219.
251 1745 338 1826 Ὑπὲρ
351 1747 451 1826 doeio]
475 1748 596 1828 Aliquid
610 1746 707 1806 inhoc
721 1767 811 1806 versu
821 1747 903 1804 deest
917 1744 1078 1805 adnumeri
1090 1763 1172 1806 com·

69 1833 254 1915 plementnm
263 1877 273 1909 ,
295 1832 346 1891 eed
368 1832 400 1890 in
417 1833 524 1893 Codice
546 1833 624 1892 nibil
637 1833 765 1914 amplius
780 1832 926 1912 scriptum
938 1839 1072 1911 apparet.
1114 1833 1175 1890 Le-

70 1920 199 1997 gendum
221 1917 300 1976 sorte
321 1923 410 1978 θυιὸν
425 1922 490 1980 σοῦ.
899 1943 901 1951 ’

155 2009 226 2070 227.
246 1995 486 2083 Λεακόμορφον]
509 2003 630 2060 Terram
650 2001 850 2076 albicantem,
871 2009 977 2079 utpote
1002 2003 1039 2060 eb
1056 2000 1173 2064 Aurora

61 2089 264 2160 illustratam,
284 2095 365 2144 recte
386 2096 477 2144 vocnt
494 2085 702 2162 Theodosius,
726 2107 759 2144 eo
780 2085 882 2161 modo,
905 2107 964 2163 quo
984 2088 1101 2144 Aurora
1114 2107 1172 2146 ex-

70 2173 187 2232 oriente
207 2170 352 2230 albeeeere
370 2170 467 2228 lucem
486 2171 563 2230 dixit
578 2171 720 2247 Virgilius
735 2169 807 2229 Aen.
824 2171 876 2230 lib.
887 2169 940 2229 lv.
958 2191 986 2229 v.
999 2171 1070 2236 586.
1113 2170 1172 2230 Sed

68 2256 196 2338 propius
218 2255 256 2313 ad
275 2275 341 2314 rem
356 2265 488 2314 nostrone
503 2276 606 2333 agrum
623 2255 661 2313 ob
679 2256 812 2314 Aurorae
834 2255 937 2324 lumen
954 2255 1101 2316 albentem
1118 2255 1173 2316 de·

68 2341 193 2423 ecriput
211 2339 390 2399 Claudienne
407 2340 444 2399 do
458 2343 533 2421 Rep.
543 2341 595 2402 lib.
612 2339 662 2399 ΠΙ.
677 2360 706 2399 v.
718 2344 790 2408 232„
806 2340 846 2399 ite
862 2360 988 2400 canens:

232 2447 277 2505 Ee
287 2451 391 2525 prima
404 2449 461 2508 enh
477 2450 542 2508 lnce
556 2449 675 2528 legunt,
697 2469 766 2508 eum
780 2468 848 2506 rore
863 2467 987 2506 eerenue

232 2531 326 2590 Alter
341 2555 432 2614 ager:

66 2655 125 2781 figo
133 2636 272 2790 dimili
279 2639 368 2718 plane
380 2639 469 2700 modo
483 2639 563 2700 idem
578 2638 623 2701 sic
636 2639 762 2702 asseruit
776 2639 912 2702 Valerius
925 2639 1050 2700 Flaccus
1059 2637 1169 2719 Argon.

112 2764 119 2782 .
163 2743 214 2786 .v.
281 2746 288 2782 :

233 2830 359 2911 Iamque
370 2831 428 2892 ent
443 2834 529 2893 ane
547 2829 658 2892 dnbioe
671 2829 848 2894 Atlantidis
863 2833 949 2912 igneo

231 2915 323 2976 Alter
345 2939 434 2998 ogere
1095 2963 1097 2968 ,

66 3017 118 3096 qui
141 3018 229 3078 etiam
248 3022 306 3080 alio
324 3022 357 3082 in
369 3025 438 3084 loco
458 3023 531 3086 ibid.
548 3023 600 3090 lib.
615 3023 668 3084 Ill.
684 3025 795 3092 n258,
811 3023 849 3086 ob
866 3023 945 3084 diem
960 3030 1055 3084 ortem
1069 3033 1169 3084 turrea

67 3103 213 3168 albescere
228 3107 359 3187 scripsit.

149 3195 222 3256 229.
247 3193 351 3272 Τείχει]
375 3195 498 3273 Septnm
511 3191 597 3270 illud,
620 3212 671 3254 eeu
686 3213 817 3271 aggerem
832 3213 848 3251 n
862 3191 1032 3274 Nicephoro
1050 3213 1106 3272 pro
1121 3190 1169 3252 eui

66 3272 213 3332 exercituo
228 3277 391 3336 munimine
404 3279 461 3337 inrn
478 3277 665 3338 aedificatum
679 3277 730 3338 hic
742 3278 889 3358 designari
900 3298 956 3359 pro
970 3289 1051 3339 certo
1064 3277 1167 3338 babeo.

65 3355 146 3416 Audi
155 3358 280 3421 Leonem
292 3362 457 3422 Diaconum
471 3362 553 3444 apud
566 3363 687 3440 Pagiurn
706 3364 778 3424 Crit.
792 3365 825 3424 in
839 3364 946 3424 Annal.
959 3363 1067 3424 Boron.
1084 3363 1168 3428 Tom.

65 3439 117 3502 lll-
138 3461 204 3520 Pag-
218 3445 296 3510 874:
320 3447 356 3506 A
371 3449 473 3508 littore
491 3445 537 3507 ad
548 3447 702 3506 Austrum
715 3455 984 3528 spectante'eoepta
1000 3461 1168 3526 structura,

67 3521 252 3584 adulteram
276 3551 370 3611 neque
381 3536 496 3595 littorio
508 3544 645 3612 partem,
670 3533 753 3612 qnod
770 3545 868 3594 terrae
888 3537 1076 3594 interiectum
1093 3545 1168 3606 erat,

1 3625 2 3634 ¹
65 3619 148 3688 eepto
167 3613 359 3696 intercludit,
380 3642 417 3678 ne
440 3620 554 3678 scilieet
573 3618 698 3677 barbari
710 3641 770 3698 pro
793 3621 880 3680 libito
895 3623 929 3680 in
950 3643 1063 3701 agrum
1070 3621 1169 3697 focile

64 3692 182 3777 efficacii
191 3712 330 3777 poscent,
353 3705 539 3787 liberumque
551 3706 613 3783 ipsi
627 3715 692 3764 erat
704 3726 846 3786 pugnam
859 3727 1018 3781 conectere,
1040 3717 1170 3764 autnon
1207 3734 1210 3744 r

65 3801 214 3840 conserere
227 3803 295 3842 enm
308 3797 335 3844 et
350 3789 471 3853 luberet.

1197 2417 1211 2476 l

145 3865 227 3927 Ibid.
243 3866 315 3930 Mtv
328 3865 422 3955 α’κρῷ]
438 3875 593 3935 Cornelius
609 3875 703 3936 edidit
717 3878 822 3962 μικρῷ,
837 3885 867 3937 et
881 3873 1089 3954 corrigendnm
1102 3893 1170 3933 cen.

62 3950 123 4010 enit
136 3955 243 4037 μακρῷ
251 3974 258 4010 =
283 3955 334 4014 sed
348 3967 489 4018 neutrum
505 3959 614 4021 borum
629 3961 662 4020 in
676 3961 784 4021 Codice
796 3963 943 4042 seriptum
958 3981 1020 4020 esse
1034 3961 1165 4024 videtur.
1187 3976 1220 4033 Ρ,
1236 3979 1289 4036 382

63 4035 205 4114 Equidem
229 4034 284 4118 μὲν
303 4034 389 4126 inqui
409 4043 565 4121 legendum
587 4045 733 4123 arbitror,
756 4065 791 4105 eo
805 4046 898 4124 mugio
913 4045 995 4126 quod
1009 4044 1167 4123 monosyl·
1185 4048 1243 4106 Col.
1261 4053 1291 4104 1·
1398 4043 1400 4052 '

62 4120 126 4179 lnbe
143 4124 308 4184 necessario
322 4136 368 4184 est
384 4127 538 4205 addenda,
559 4139 594 4188 ut
612 4149 717 4190 verene
733 4151 872 4191 mensuro
887 4140 968 4190 recte
984 4150 1014 4189 ee
1029 4129 1145 4190 hebent.

104 4287 110 4301 ι
144 4203 221 4265 lbid.
243 4209 429 4294 Προσξέειν]
450 4211 556 4284 dioec,
585 4211 804 4278 κατασκευάσαι
832 4217 1047 4296 interpretetur
1067 4214 1166 4294 Hesy-

1 4334 2 4337 ,
63 4287 161 4369 obrue,
189 4292 271 4372 qnod
294 4296 419 4358 verbnm
437 4319 497 4380 pro
519 4299 661 4361 armando
691 4300 927 4382 instruendoque
952 4301 1085 4363 exercitu
1099 4321 1163 4362 non
