2780 4658
94 307 98 314 ,
217 242 299 292 no
622 205 854 306 cascesa
984 244 988 254 ·
1101 245 1106 258 ·

217 393 389 475 plusquam
399 392 494 453 multa
515 391 574 452 alia
597 391 729 453 eiusdem
745 395 866 473 aetatis,
887 414 963 476 quae
984 397 1110 458 editioni
1130 407 1235 479 parata
1252 399 1317 460 ba·-

218 494 317 570 beam,
340 493 438 552 lucem
453 512 639 554 commerere.
682 495 754 556 cavi
769 506 866 574 certe,
887 508 924 558 ut
937 519 975 561 ne
991 500 1064 578 quid
1077 500 1204 560 nimium
1220 523 1239 560 a
1254 521 1317 560 no·

218 595 307 658 bisin
322 591 381 654 bac
394 578 477 675 parte
497 595 647 656 adiectum
662 615 728 656 esse
746 595 906 660 diceretur.
949 601 1085 675 Quatuor
1101 610 1186 662 erant
1204 601 1315 679 eodo„

107 687 113 694 ’
216 697 249 756 iu
269 695 377 776 quibua
397 696 535 758 libellum
557 696 640 758 bunc
660 697 855 761 offenderam:
883 699 919 782 l.)
939 703 1046 781 Regius
1065 703 1149 771 2437
1169 704 1220 763 sol.
1245 706 1316 770 371

215 805 300 858 verso
315 827 358 844 --
372 797 433 865 409
448 809 527 857 recto
534 821 545 874 ,·
565 795 618 882 ll.)
629 801 735 880 Regius
749 802 831 870 2445
846 803 897 864 fot
911 807 975 872 320
987 815 1066 864 recto
1080 837 1120 850 -·
1133 805 1195 872 335
1208 827 1295 866 verso
1302 830 1315 883 ,-

160 977 170 996 ⁸
215 897 279 984 ttl.)
296 902 396 962 Codex
409 903 465 962 No.
473 907 514 969 26
528 903 731 983 supplementi
745 905 852 981 nostri,
863 925 951 984 quem
964 905 996 964 in
1010 926 1063 966 ora
1075 907 1163 967 modo
1176 905 1317 966 indicavi

140 994 145 1016 ¹
215 1005 315 1066 littera
327 1005 368 1082 B,
390 1003 479 1063 modo
499 1003 574 1082 siglo
587 1003 659 1080 boc,
684 1003 757 1065 Cod.
771 1010 870 1085 suppt
890 1005 933 1065 ibi
946 1007 1056 1086 legitur
1071 1008 1098 1067 is
1116 1008 1233 1068 libellus
1252 1007 1314 1070 fol.

187 1164 192 1172 ,
218 1109 278 1174 171
292 1117 370 1165 recto
384 1137 423 1152 ····
438 1110 500 1172 172
515 1127 615 1185 νικος
635 1106 697 1181 lv.)
717 1107 867 1168 Palatinus
882 1108 936 1168 No.
951 1111 1024 1185 393,
1045 1130 1071 1172 a.
1088 1116 1171 1178 1797
1184 1131 1222 1170 ex
1233 1111 1317 1172 urbo

216 1209 358 1270 advectus
377 1207 410 1268 in
425 1206 655 1286 bibliothecam,
678 1229 704 1267 a.
724 1209 805 1275 1815
822 1211 945 1270 Romam
967 1212 1183 1291 reportatusE
1202 1213 1318 1293 quibus

216 1311 249 1370 iu
277 1310 391 1372 edendo
410 1319 530 1370 secutus
551 1330 618 1372 aum
644 1310 834 1392 potissimum
857 1312 928 1376 cod.
949 1313 1018 1391 Reg.
1041 1314 1141 1380 2437:
1168 1315 1252 1375 cuius
1274 1325 1318 1376 ut

215 1411 288 1474 solia
301 1413 334 1472 in
345 1412 476 1492 margine
492 1411 631 1474 editionis
646 1414 803 1490 annouvi,
825 1413 867 1475 ita
880 1415 1022 1475 lectiones
1036 1415 1164 1494 intelligi
1179 1425 1313 1498 oportet,

215 1514 331 1596 quotics
346 1511 418 1575 eod.
431 1515 479 1595 A,
500 1516 563 1578 aive
580 1514 668 1577 etlam
685 1513 774 1592 cod,
796 1515 939 1595 singulari
950 1537 1085 1597 numero,
1106 1515 1139 1576 in
1152 1538 1205 1576 ora
1216 1518 1315 1578 ascri-

214 1627 300 1698 ptum
310 1617 430 1698 legitur.
472 1618 531 1678 Ubi
547 1615 641 1678 codd.
656 1617 832 1699 pluraliter,
852 1619 984 1699 reliquos
1002 1629 1064 1680 tros
1087 1617 1120 1676 in
1142 1617 1314 1678 subsidium

213 1718 340 1794 vocavi,
362 1717 452 1796 idque
466 1738 553 1800 saepe
567 1720 693 1781 frmtra:
715 1720 827 1801 quippe
847 1729 932 1782 erant
948 1729 1009 1780 tam
1023 1718 1178 1800 depravati
1194 1740 1310 1798 omnes,

213 1829 250 1880 ut
268 1819 430 1879 sententias
451 1821 635 1901 complures,
662 1822 720 1882 nisi
741 1823 837 1902 aliqua
866 1842 971 1903 magna
995 1821 1144 1884 medicina
1164 1820 1310 1900 adhibita,
1342 1859 1345 1863 -

212 1933 351 1986 constare
373 1923 496 1984 omnino
525 1943 588 1983 nou
611 1933 740 2004 possent.
786 1923 941 1987 Eiusmodi
966 1923 1049 1983 locos
1073 1942 1113 1983 ex
1135 1922 1309 1984 coniectura

214 2027 370 2087 emendare
383 2035 510 2087 conatus
523 2045 606 2086 sum:
628 2026 669 2085 ita
684 2035 781 2088 tamen
795 2037 829 2087 ut
834 2073 845 2104 ,
869 2026 1104 2108 quotiescunque
1116 2025 1182 2088 fieri
1193 2033 1305 2108 posset,
1327 2019 1334 2028 ¹

211 2129 401 2210 transpositis
413 2129 515 2209 potius
531 2128 631 2189 verbis
649 2148 739 2209 quam
757 2129 894 2206 mutatis,
915 2149 981 2188 meo
1002 2148 1086 2188 more
1106 2129 1232 2188 nimium
1251 2148 1307 2189 re-

210 2232 334 2310 ligiosas
354 2230 388 2291 in
413 2229 632 2310 exemplaribus
654 2229 827 2312 sequendis,
848 2249 937 2314 quam
958 2230 1131 2310 temerarius
1151 2230 1185 2292 in
1205 2231 1306 2293 corri-

210 2333 330 2415 gendis,
348 2351 410 2394 esae
424 2331 553 2393 mallem.
668 2404 675 2420 ⁸

164 2537 174 2554 .
295 2501 351 2566 x1.
377 2499 475 2563 Huius
489 2510 588 2561 autem
602 2499 748 2578 auctoris,
770 2499 903 2581 quinquie
916 2501 990 2581 fuit,
1012 2501 1133 2564 (licendi
1145 2523 1237 2582 genus
1249 2525 1304 2566 ca-

209 2611 257 2667 ret
271 2602 408 2666 omnibus
425 2600 622 2678 ornamentis,
642 2600 854 2683 horridiusque
870 2613 914 2665 est
934 2625 971 2664 ac
983 2606 1189 2686 praefractius.
1230 2611 1305 2669 Ser-

208 2723 328 2770 monem
340 2705 494 2784 vulgarem
507 2723 595 2783 quem
608 2703 788 2784 frequentat,
811 2725 887 2768 saec.
900 2729 932 2768 x.
946 2707 1007 2766 iam
1019 2708 1211 2788 plurimuma
1224 2731 1304 2790 syn-

209 2805 274 2869 taxi
287 2805 464 2884 elegantiore
475 2805 600 2866 abluisse
613 2805 818 2868 demonstrant
834 2809 1011 2870 nominativi
1031 2810 1158 2871 absoluti
1173 2813 1243 2880 125.
1265 2813 1302 2876 l).

210 2910 341 2987 Πλῆθος
359 2901 416 2988 peip
430 2941 470 2954 -
482 2910 553 2978 130.
576 2906 612 2970 A·
632 2903 765 2990 ὅρσῑν-
782 2915 888 2969 contra
909 2929 998 2990 quam
1018 2912 1176 2992 oportebat
1196 2912 1302 2994 poaitis

209 3006 335 3087 genitivi
350 3009 481 3069 absoluti
495 3011 567 3070 item
583 3009 696 3079 1231.
719 3004 937 3090 μανθανόντων
948 3042 991 3058 ·-
1003 3009 1162 3095 ὁρμήσωσι
1184 3018 1255 3082 150.
1264 3016 1300 3076 Β.

208 3104 391 3192 ἐγγιζόντων.
415 3110 485 3180 159.
499 3113 532 3174 C.
555 3109 779 3192 διατιθεμένων·
800 3100 1006 3174 subiuaictivus
1019 3116 1122 3176 coristi
1136 3138 1193 3197 pro
1211 3119 1301 3178 futu-

207 3229 243 3272 ro
259 3219 430 3292 usurpetur,
442 3221 477 3272 ut
494 3213 565 3281 140.
579 3214 614 3278 Δ.
631 3207 803 3295 ἐκφύγωσιν
814 3213 958 3296 effugient
970 3213 1064 3298 (quod
1077 3218 1156 3278 idem
1170 3219 1203 3278 in
1215 3221 1300 3280 mul-

207 3311 248 3372 tis
259 3311 473 3393 praecipitatae
489 3315 628 3376 Graeciae
644 3316 841 3394 scriptoribus
855 3336 912 3375 usu
924 3319 1023 3377 venit:
1045 3321 1108 3380 vid„
1125 3321 1220 3383 Indic.
1233 3345 1256 3384 s.
1267 3342 1298 3384 v.

85 3420 117 3475 P.
135 3424 191 3480 xm
208 3414 462 3494 Coniunctivus):
485 3415 518 3479 ἐν
537 3425 681 3496 perpetuo
702 3415 866 3478 adhibitum
883 3439 942 3498 pro
958 3421 1001 3496 εἰς
1023 3425 1093 3489 126.
1114 3423 1150 3488 Δ.
1173 3430 1242 3493 127.
1263 3427 1297 3487 B.

208 3518 278 3581 133.
294 3515 325 3575 G.
349 3517 471 3586 1521).
492 3511 549 3580 salv
564 3527 769 3579 constructum
783 3539 850 3578 cum
862 3521 994 3598 genitivo
1013 3523 1084 3590 158.
1102 3525 1135 3585 Β.
1159 3547 1297 3587 casuum-

130 3603 132 3609 ’
156 3683 170 3697 N
206 3635 265 3696 que
277 3618 396 3680 omnino
410 3617 513 3679 crebra
526 3619 673 3684 confusio.
714 3621 816 3700 Neque
833 3620 859 3680 is
874 3631 953 3682 certe
966 3643 1147 3704 quenquam,
1169 3637 1204 3687 ut
1219 3630 1297 3688 Leo-
1315 3669 1321 3678 ·

204 3737 272 3778 nem
289 3719 391 3780 secisse
403 3720 684 3799 demonstravimus,
706 3722 849 3802 exprimit
865 3723 1007 3783 dicendo:
1031 3727 1215 3808 simplicibus
1231 3731 1296 3790 uti-

204 3827 258 3878 tur
276 3820 445 3901 nativisque
463 3823 572 3888 verbis.
615 3824 716 3899 Quare
732 3825 855 3885 fuissem
875 3824 1003 3904 nimius,
1021 3827 1051 3886 ai
1074 3828 1107 3889 in
1126 3832 1294 3894 scrutandis

205 3921 337 3983 fontibus
358 3922 534 3984 imitationis
556 3933 674 3986 tantum
694 3926 816 4005 egissem
835 3925 921 4003 satis,
944 3937 1087 4005 quantum
1107 3933 1146 3992 ad
1166 3935 1294 3996 Leonem

204 4021 260 4102 egi.
299 4023 409 4103 Notas,
429 4035 550 4106 praeter
562 4027 674 4107 oppido
692 4047 817 4109 paucas,
836 4027 968 4089 resecuit
988 4041 1140 4111 postrema
1158 4036 1294 4097 undetri-

202 4124 285 4206 ginta
301 4126 416 4208 cepita,
437 4147 512 4208 quae
522 4125 651 4192 babebat
666 4149 743 4192 unus
760 4128 862 4190 Codex
880 4131 1051 4214 Palatinus,
1073 4135 1157 4214 quod
1177 4135 1214 4196 ab
1234 4137 1292 4198 alio
