2812 4630
343 325 390 392 ΙΝ
419 319 663 392 THEODOSll
688 321 921 392 reuulsus.
1110 313 1186 393 553

173 485 243 551 115.
266 475 447 565 Μεμηνὸτα]
469 482 587 542 Mallem
611 477 789 562 μεμηνότες,
818 483 901 562 quod
924 483 1062 545 carminis
1084 487 1186 568 expli-

82 569 198 629 cationi
212 570 304 650 magis
326 569 490 629 cohoerest.
533 566 623 646 [Bene
635 565 725 626 habet
740 563 900 648 μεμηνότα.
917 569 993 631 diem
1005 571 1053 630 illi
1067 572 1185 634 abomi-

81 655 253 735 nabantur,
274 665 427 733 tumqusm
445 653 561 712 hostem
575 653 607 711 in
622 653 704 732 ipsos
718 651 875 715 furentem.
891 655 925 716 F.
940 654 978 734 l.]

173 765 243 827 117.
264 759 474 840 Λελειμμὲνοτ]
498 759 557 831 Qui
580 777 688 837 nempe
712 760 885 840 superstites
906 773 1062 824 evaserant
1074 765 1110 826 ab
1131 787 1184 825 ao·

84 855 173 927 cepta
197 846 291 906 clade.
339 846 417 905 Audi
441 847 570 934 Leonem
591 843 771 904 Diaconum:
803 846 935 906 Tandem
954 851 1061 908 multis
1081 872 1185 911 eorum

82 935 185 990 caesis
209 934 243 990 in
261 934 378 1011 fugam
402 941 560 988 uertuntur
576 950 632 1008 per
650 933 917 1009 megustaviarum
934 933 1074 993 cedentee.
1116 938 1186 996 Ro-

81 1019 172 1075 mani
191 1037 261 1074 uero
286 1038 334 1075 eos
363 1017 519 1095 insequuti
541 1012 607 1072 dire
626 1013 841 1090 trucidabant5
872 1020 927 1096 qui
945 1039 1013 1078 uero
1038 1020 1186 1080 hactenus

80 1105 259 1180 superstites
274 1113 369 1178 erant,
386 1121 425 1158 ao
439 1110 582 1180 quotquot
598 1098 693 1158 ardor
706 1099 777 1158 telle·
789 1123 849 1159 non
864 1101 1072 1183 demes-suerat,
1082 1107 1185 1186 proie-

81 1189 143 1243 ctis
169 1188 264 1244 armis
286 1190 316 1246 in
325 1207 472 1266 praeceps
483 1185 685 1244 vertebantur.
727 1185 794 1246 Vid.
810 1187 930 1264 Pagium
942 1189 1014 1250 ibid.
1028 1211 1094 1271 pag.
1111 1191 1182 1258 875.

82 1271 238 1332 Cornelius
259 1293 276 1330 s
293 1271 411 1332 Codicis
432 1271 561 1330 lectione
576 1269 719 1330 recedens
731 1270 827 1329 edidit
843 1273 1017 1354 λελεγμένοι.

167 1383 239 1444 126.
253 1374 415 1457 Ἕττοττον]
437 1375 521 1436 Nihil
532 1374 583 1436 laic
594 1375 720 1437 verbum
734 1375 879 1455 ἒποττον,
899 1398 957 1438 nec
972 1379 1086 1460 dubito,
1107 1381 1180 1462 quin

80 1462 123 1523 sit
144 1461 300 1541 legendum
321 1462 474 1544 ἔπραττον.

166 1576 235 1637 127.
263 1570 326 1650 Τίς]
348 1567 505 1632 Cornelius
523 1567 680 1646 legendum
695 1587 758 1628 esse
772 1567 951 1628 coniectavit
961 1571 1007 1643 τίς
1020 1568 1077 1647 oie,
1099 1592 1177 1650 quo·
1198 1571 1231 1623 P·
1245 1569 1297 1626 887

69 1649 176 1730 mium,
196 1655 310 1734 inquit,
333 1666 361 1714 et
377 1677 512 1729 cannen,
536 1665 564 1714 et
576 1675 683 1714 sensus
694 1654 804 1712 melius
818 1676 849 1712 ee
865 1655 1026 1718 habebunt.
1070 1661 1179 1718 Sensus
1196 1639 1282 1695 c⁰l1

78 1749 179 1813 certe,
200 1741 301 1800 addite
328 1741 477 1821 particula
494 1738 551 1815 ale,
573 1739 666 1820 magis
680 1740 856 1818 perspicuus
873 1741 968 1814 foret,
989 1742 1040 1802 sed
1057 1761 1178 1804 carmen

76 1824 164 1884 nullo
185 1825 275 1885 modo
297 1826 404 1885 melius
418 1845 450 1885 se
468 1823 604 1900 haberet,
625 1845 717 1904 quum
735 1823 812 1883 nihil
824 1825 856 1883 in
871 1846 906 1885 eo
925 1825 1000 1886 desit
1017 1827 1052 1886 ed
1068 1827 1177 1888 senarii

77 1910 340 1990 complementum.
369 1912 469 1984 Qusre
481 1909 557 1969 nihil
571 1929 635 1968 esse
646 1909 815 1968 addendum
829 1911 967 1989 arbitror,
980 1912 1177 1993 praedictam.

77 2013 134 2076 que
155 1997 335 2074 perticulam
348 1995 448 2076 potius
466 2015 528 2054 esse
541 1985 826 2071 subintelligendam.

162 2099 240 2160 thid.
260 2093 434 2180 Ἰδομενεύς]
457 2100 633 2159 idomeneus
651 2116 706 2159 rex
730 2099 895 2176 Cretensis,
917 2101 969 2180 qui
992 2103 1120 2162 maxime
1142 2103 1175 2164 in

76 2181 208 2244 Troiano
221 2185 299 2246 bello
318 2184 471 2246 inclaruit.
512 2184 570 2244 Hic
584 2205 651 2245 cum
666 2193 738 2266 post
751 2204 882 2243 eversum
896 2186 1015 2246 Troiam
1032 2207 1099 2246 cum
1112 2189 1175 2248 suis

76 2277 292 2348 reverteretur,
314 2278 344 2330 et
366 2268 432 2328 dire
458 2278 634 2349 tempestate
659 2269 721 2328 eius
746 2269 849 2329 classis
862 2271 1034 2349 agitaretur,
1056 2273 1179 2334 devovit

74 2353 140 2413 Diis
162 2353 401 2414 sacrificaturum
424 2375 456 2413 sc
469 2373 551 2431 rem,
573 2375 648 2434 quac
666 2353 693 2413 ei
711 2353 841 2434 primum
855 2366 1033 2417 occurreret.
1075 2357 1178 2437 ltsqne
1239 2401 1241 2412 .

74 2437 184 2513 filium,
205 2439 257 2521 qui
272 2441 386 2520 primus
398 2439 424 2499 ei
439 2439 557 2499 obviam
571 2439 665 2514 venit,
687 2440 878 2518 sacrificavit,
898 2443 957 2518 vel,
981 2451 1017 2501 ut
1034 2442 1099 2502 eliis
1113 2443 1178 2521 pla.
1278 2457 1284 2462 ·

75 2532 142 2600 cet,
165 2524 327 2584 sacrificari
350 2525 451 2602 iussit,
475 2525 512 2583 ob
528 2545 617 2603 quam
639 2543 794 2584 causamn
819 2526 934 2587 civibus
953 2547 1044 2604 regno
1060 2529 1177 2607 pulsus,

74 2607 261 2684 Salentinum
278 2611 429 2672 Calabriae
448 2609 689 2691 promontorium
706 2610 845 2689 divertit,
867 2611 918 2672 ubi
934 2612 1085 2673 civitatem
1099 2613 1177 2674 'con-

75 2693 164 2756 didit.

160 2804 230 2867 129.
257 2793 329 2883 Τάς]
352 2801 402 2863 Sic
421 2801 532 2880 Codex,
554 2811 583 2862 et
598 2801 642 2862 sic
656 2821 775 2883 quoque
791 2802 944 2864 Cornelius
957 2804 1175 2868 emendandum

76 2886 202 2946 censuit.

159 2996 229 3058 130.
241 2984 365 3072 ’Λτρἕς
378 2986 479 3075 μόνος]
493 2972 743 3074 Agamemnonem
755 2993 890 3072 intellige
903 2991 987 3054 Atrei
1004 3015 1041 3054 ex
1057 2993 1173 3074 Aeropo

72 3075 179 3139 filium.
222 3076 250 3137 le
275 3077 465 3138 Idomeneum
485 3081 522 3138 ed
539 3081 683 3163 praelium
699 3080 840 3139 adversus
854 3078 998 3139 Troianos
1013 3078 1084 3138 forti
1100 3081 1173 3138 ani-

72 3183 123 3223 mo
140 3163 401 3239 committendum,
422 3172 497 3223 teste
509 3166 639 3224 Homero
659 3165 745 3238 Iliad.
760 3165 812 3224 lib.
826 3163 875 3223 IV.
888 3184 917 3224 v.
935 3165 1005 3230 251.
1020 3165 1171 3226 excitavit.

74 3248 164 3322 Quod
195 3259 294 3308 sutem
320 3247 437 3328 inquit,
467 3246 521 3323 ede
549 3243 675 3323 decretale
691 3249 893 3324 ἐξονειδίζων,
924 3241 1171 3327 Agamemnonem

73 3351 179 3413 nempe
192 3333 351 3393 Idomeneo
367 3333 479 3411 mines,
503 3327 577 3414 quies
593 3343 679 3394 entes
693 3335 745 3394 ille
759 3343 862 3393 contra
878 3334 1021 3394 Troianos
1038 3335 1171 3394 intente-

73 3427 167 3495 veret,
189 3418 394 3498 exprobrasse,
420 3419 456 3477 sd
473 3421 574 3479 eadem
585 3420 810 3498 Agamemnonis
820 3419 916 3504 ,verbe
930 3419 967 3480 sb
983 3420 1112 3481 Homero
1128 3421 1171 3481 al·

73 3503 135 3562 lata
155 3503 286 3583 respicit.
306 3503 382 3564 lbid.
399 3523 429 3564 v.
442 3505 513 3571 264.
534 3505 587 3565 ubi
599 3505 657 3570 aits

137 3621 219 3690 ’itit'
232 3624 320 3711 doceo
328 3623 511 3713 nolepdvd',
535 3625 599 3706 οἷος
614 3623 712 3715 πάρος
730 3626 814 3711 εὔχεο
834 3623 922 3694 εἶναι.

137 3732 199 3796 Sed
210 3757 374 3818 prorumpe
390 3738 435 3800 ad
449 3739 561 3800 bellum
577 3739 651 3797 tolie
656 3785 665 3816 ,
688 3739 794 3818 qualis
809 3749 899 3797 antea
909 3737 1107 3819 gloriabatur.

158 3864 230 3927 131.
253 3865 443 3944 Πορελθεῖν.
460 3909 467 3928 .
482 3909 511 3928 ..
525 3863 580 3930 τᾶν
592 3864 677 3946 βίον]
710 3867 784 3940 etot,-
797 3864 848 3926 hic
862 3885 918 3947 pro
932 3865 1020 3924 honis
1039 3885 1090 3924 eeu
1096 3865 1171 3942 for·

75 3948 161 4007 tunie
181 3945 357 4024 adhibetur,
380 3969 441 4029 qno
455 3971 542 4012 sensu
557 3952 660 4032 plures
674 3952 780 4010 Graeci
794 3960 859 4011 tum
871 3957 990 4031 potitae,
1011 3959 1078 4008 tum
1100 3969 1171 4008 ors-

74 4041 153 4093 torcs
175 4041 376 4113 usurparunt,
398 4035 471 4093 adeo
491 4043 528 4096 ut
538 4042 703 4118 παρελθεῖν
712 4033 764 4099 τὸν
778 4037 847 4118 βίον
861 4057 882 4094 o
893 4035 979 4094 bonis
992 4033 1115 4114 deficere
1128 4033 1172 4092 si-

74 4117 202 4196 gnificet.
251 4118 357 4178 ttslius
378 4117 479 4199 itaque
501 4141 533 4180 se
555 4122 677 4201 gessisee
698 4121 828 4182 affirmat
844 4121 1054 4196 idomeneum,
1087 4117 1173 4198 quie

76 4201 162 4260 Creta
174 4201 279 4282 pulsus
298 4205 409 4282 absque
424 4206 582 4266 certamine
596 4226 687 4285 regno
704 4207 801 4283 cessit,
813 4225 852 4266 ne
867 4205 993 4286 patriam
1005 4223 1089 4264 suem
1104 4221 1170 4284 per-

76 4285 177 4364 deret,
200 4307 289 4367 quam
312 4290 453 4351 Saraceni
459 4337 469 4370 ,
489 4291 541 4372 qui
560 4292 745 4353 Graecorum
759 4291 849 4354 armis
866 4291 1040 4354 resistentes
1055 4288 1171 4373 patriae
