2802 4624
242 294 321 376 500
585 305 621 374 G
641 308 678 374 B.
699 305 816 374 flesn
832 305 986 376 NOTAE

242 468 316 546 lugo
338 473 445 524 eontra
464 467 562 524 ntem
583 463 746 525 luctantes.
790 463 891 522 Nulla
909 475 990 524 terra
1008 462 1060 525 tte
1081 456 1247 522 ridebatur
1263 482 1333 538 eree,

243 571 339 630 neque
352 551 406 608 nia
423 553 556 609 usitata:
582 571 652 630 eque
646 549 715 606 'ad
730 549 843 608 collum
859 569 953 628 ueque
970 569 1030 609 non
1049 547 1259 626 apparebant.-
1285 550 1334 604 iu·

245 645 353 708 menta
375 639 518 713 quamoie
531 645 715 693 extremoe
671 637 793 714 agmine
805 633 1033 712 subsequentia,
1055 629 1229 708 interibant,
1251 632 1332 689 mul-

245 732 337 800 taque
356 719 401 777 ibi
421 719 677 799 relinquebantur.
718 721 840 777 Etenim
854 717 1010 778 dicebatur
1025 721 1078 777 nir
1091 717 1266 774 cubitorum
1284 734 1333 775 ιν.

243 801 425 880 altitudine,
446 815 623 883 eratquei
590 803 623 862 d
614 803 780 882 fficelitma
796 806 941 863 tramitte.
983 803 1034 863 lta
1051 801 1142 860 multi
1158 822 1195 859 ea
1213 803 1332 858 cometi-

243 891 303 951 bue
322 887 447 947 domum
470 909 500 948 ee
523 889 729 962 contulerunt,
754 883 838 966 quod
857 889 1062 946 calamitatem
1080 888 1144 945 vim
1161 885 1332 944 Ιιανιατιαιιι

243 993 384 1054 euperare
399 971 638 1035 arbitrabantur.
679 972 783 1050 Atque
796 981 862 1028 erat
875 975 1014 1050 proflecto
1033 975 1154 1030 ineueta
1172 989 1331 1046 aerumna,

243 1059 374 1119 miceriie
386 1054 522 1138 undique
524 1060 594 1135 fere
606 1055 833 1136 ingruentibue:
853 1057 939 1134 infra
954 1068 1019 1114 tam
1031 1057 1098 1115 alta
1109 1065 1137 1115 et
1150 1057 1255 1134 tpieea
1268 1057 1330 1128 nir,

243 1163 367 1222 euperne
373 1143 489 1222 fluntee
503 1145 583 1202 venti
598 1141 864 1200 inclementissimi.
907 1141 1011 1220 Neque
1027 1141 1096 1200 ulla
1113 1143 1232 1218 epernri
1240 1149 1331 1218 pote-

241 1238 293 1287 rat
307 1227 459 1285 malorum
474 1223 682 1306 intercapedo,
703 1246 755 1283 nec
769 1222 849 1282 unde
861 1228 932 1304 quie
944 1226 1094 1286 meliorem
1108 1235 1226 1283 etatum
1247 1244 1331 1282 uere-

241 1323 381 1393 queretur
401 1309 520 1392 (omnia
536 1311 665 1370 inutilia
686 1321 714 1366 et
728 1311 921 1386 infructuosa
935 1330 994 1368 eeee
1008 1311 1059 1370 lu'e
1077 1313 1110 1368 in
1123 1310 1216 1368 malis
1227 1329 1331 1388 appa-

241 1395 358 1477 rebat),
389 1398 480 1456 nulla
504 1408 570 1455 erat
582 1396 724 1474 facultae
744 1397 829 1474 ignee
850 1393 1046 1472 accendendi,
1074 1415 1127 1454 nec
1146 1397 1331 1474 requieecere

224 1481 290 1544 ‚uel
304 1484 464 1540 minimum
481 1485 618 1560 epatium
628 1479 821 1558 permittebat
832 1479 920 1538 nobie
937 1483 998 1540 nix.
1040 1475 1117 1562 (lv.)
1136 1477 1329 1538 Accedebant

240 1579 332 1626 noctu
355 1578 443 1625 acuta
464 1587 524 1646 pro
546 1565 715 1624 cubilibus:
743 1563 819 1623 baec
829 1585 890 1643 pro
919 1563 1057 1624 omnibus
1079 1563 1280 1640 habetatur,
1301 1573 1329 1620 et

235 1672 295 1731 pro
321 1651 471 1730 etrugulie
491 1661 519 1709 et
536 1671 595 1731 pro
615 1651 773 1728 opertoriie
795 1647 1059 1727 eplendidieeimie.
1103 1649 1141 1708 In
1162 1649 1228 1728 illie
1248 1651 1328 1707 enim

237 1756 349 1815 carpue
369 1734 414 1792 ad
431 1739 547 1814 ignem,
575 1754 628 1792 nec
647 1734 737 1791 illum
756 1732 958 1811 eplendidum,
980 1733 1237 1811 refocillabamue.
1269 1735 1328 1792 So·

236 1841 341 1878 ninum
361 1822 431 1878 eiea
448 1841 503 1898 per
522 1821 651 1899 quietem
672 1821 873 1893 occurrentia,
895 1822 985 1898 quaei
1005 1822 1155 1878 timentem
1174 1819 1235 1876 illu
1252 1839 1326 1898 quc-

237 1925 308 1983 que,
341 1905 517 1962 univercum
540 1907 739 1983 fugaverant.
792 1905 895 1984 Neque
916 1906 1078 1984 quiequam
1102 1905 1206 1984 magia
1233 1923 1325 1982 quam

236 1989 320 2046 aliue
333 1986 378 2046 ad
388 2009 550 2048 uerunenae
566 1986 769 2047 obdruuerat:
790 2003 889 2048 annee
906 2001 993 2048 erant
1009 1999 1045 2047 ut
1060 1992 1092 2046 in
1106 1991 1261 2046 conanum
1275 2008 1324 2045 oa·

238 2073 379 2132 lumitate
396 2095 486 2153 aeque
503 2085 530 2132 et
550 2077 653 2132 animo
669 2084 697 2130 et
710 2093 831 2151 corpore
843 2075 965 2152 afflicti.
1005 2074 1101 2134 Aliue
1120 2073 1223 2132 beator
1233 2093 1322 2152 prae·

236 2155 363 2216 dicabat
374 2169 526 2235 mortuae
549 2169 586 2216 ut
603 2161 665 2216 iam
684 2178 774 2216 eeneu
794 2155 1007 2257 doloribusque
1025 2158 1183 2217 liberator:
1207 2157 1320 2216 lamae-

235 2243 361 2302 tabatur
380 2245 465 2302 aliue
480 2255 632 2323 porterve,
654 2243 765 2322 quibua
785 2246 916 2301 mieeriie
932 2246 1064 2323 oppreeei
1082 2243 1132 2301 illi
1146 2263 1265 2322 quoque
1277 2246 1321 2302 oi·

234 2338 271 2386 ta
284 2339 379 2387 errent
397 2321 580 2405 defuncturi.
621 2328 696 2386 Item
708 2327 808 2386 labori
823 2328 1042 2387 succubuerant
1052 2329 1254 2407 euphratam
1265 2349 1321 2386 no·

233 2415 305 2489 etri,
328 2416 362 2472 vi
383 2415 460 2471 mali
473 2416 565 2487 uicti,
587 2433 639 2470 nec
653 2433 710 2490 per
730 2415 828 2472 nivem
851 2416 962 2472 incerto
975 2411 1082 2492 gradu
1099 2424 1233 2472 err-antee
1246 2433 1320 2492 pro·

231 2495 322 2576 gredi
337 2508 487 2574 poterant.
532 2500 677 2558 Omnium
697 2508 799 2555 autem
819 2499 1046 2557 acerbieeinuem
1066 2509 1147 2572 erat,
1171 2497 1319 2578 quodper

232 2584 382 2661 regionem
403 2581 553 2640 boeticam
571 2585 628 2640 iter
640 2581 854 2658 faciebamue,
874 2603 967 2662 neque
987 2581 1057 2642 inde
1081 2593 1166 2641 erant
1191 2604 1239 2642 ree
1261 2604 1318 2642 nc·

231 2675 313 2722 etrae
332 2667 470 2743 periculo
490 2685 622 2743 vacuae,
647 2665 705 2725 eed
727 2670 847 2745 pariter
872 2667 980 2726 hiemi-e
998 2667 1190 2748 boetiumque
1203 2669 1317 2728 uiolen-

231 2752 279 2807 tia
292 2749 462 2810 timebatur.

316 2850 375 2910 Hic
397 2847 570 2932 imperfecte
591 2849 701 2910 decinit
726 2851 922 2932 fragmentum
944 2853 1037 2934 priue.
1087 2853 1229 2932 Sequitur
1248 2864 1315 2935 poet

231 2935 424 3016 quadraginta
442 2937 561 2996 circiter
583 2935 652 2995 solia
676 2937 820 3014 alterum,
849 2939 949 2999 eedem
971 2939 1191 2999 intricatissima
1215 2959 1314 3018 manu,

231 3021 331 3100 quod,
352 3031 389 3080 ut
408 3033 451 3082 est
475 3021 575 3081 loco
564 3041 598 3080 ιιι
622 3021 692 3083 Cod
714 3023 879 3102 posteriue,
900 3024 944 3083 ita
968 3023 1159 3106 praecedenti
1186 3025 1314 3084 aubiun-

230 3125 287 3183 go:
308 3106 425 3167 temetsi
444 3108 568 3166 ιοιιιιιι
588 3106 626 3166 ed
642 3116 757 3186 tempus
776 3108 952 3169 antecedens
968 3110 1109 3189 pertinet
1153 3109 1245 3185 Gens,
1266 3109 1314 3169 cui

228 3189 293 3249 dux
317 3191 389 3266 ilie,
419 3191 550 3270 quinquie
572 3200 634 3266 ιιι,
666 3191 810 3271 oppidum
841 3175 905 3252 eibi
933 3193 1122 3254 commiscum
1145 3155 1311 3270 tradiderit,

228 3293 304 3352 quae
325 3275 380 3350 ιιι,
401 3276 534 3338 viderint
557 3236 653 3349 docti,
675 3286 842 3356 temporum
859 3277 1048 3358 partiumque
1065 3279 1186 3336 illarum
1209 3279 1312 3356 cogni-

186 3400 195 3410 .
227 3358 337 3416 tionem
354 3378 422 3416 cum
440 3360 583 3439 prudenti
598 3360 708 3419 iudicio
726 3359 945 3439 coniungentes.
988 3363 1090 3422 Rem
1080 3383 1113 3422 ιιι
1131 3363 1310 3424 Cher-sonere

226 3441 352 3500 Taurica
372 3443 434 3519 geri
455 3443 584 3502 declarat
600 3445 709 3504 mentio
728 3448 889 3506 Clematum
904 3449 976 3514 258.
995 3449 1025 3506 Β.
1046 3449 1140 3508 secta:
1163 3449 1312 3528 scriptura

227 3534 273 3585 ιιι
294 3526 397 3602 ligate,
421 3545 509 3604 quem
526 3537 652 3603 vocant,
680 3551 754 3591 saec.
775 3553 805 3592 x.
827 3541 879 3591 aut
900 3551 945 3591 ιι.
986 3525 1093 3612 broxeti
1110 3530 1179 3636 yde
1187 3530 1226 3614 δὴ
1247 3529 1311 3598 τότε

112 3621 144 3676 P.
157 3623 210 3682 257
225 3615 288 3683 τοῖς
303 3602 469 3716 βαρβαροις
477 3616 616 3690 notanter
629 3612 759 3720 ἔγνωμεν
768 3612 834 3694 *)
812 3642 844 3695 η,
856 3617 884 3678 el
899 3617 948 3679 dei
958 3639 986 3678 τι
1000 3613 1119 3722 ναίιζθῆ
1133 3611 1241 3696 φάναι,
1255 3619 1310 3681 del·

226 3713 330 3768 σαντες
346 3691 388 3758 τι
399 3691 440 3774 μὴ
461 3695 626 3803 φθῆναιιι
625 3692 662 3758 n'
682 3693 782 3762 αὐτῶν
801 3696 1037 3804 ἀναιρεθέντες,
1053 3695 1236 3782 αἰιὲστημεν,
1259 3702 1309 3765 και

221 3772 326 3853 αὐτοῖς
336 3802 370 3843 νο
364 3775 518 3845 δυνατὸν
536 3776 740 3863 ἄντιιιιαχθιι
756 3782 972 3890 διενοηθημεν,
993 3779 1109 3859 πάντας
1122 3783 1233 3866 ὁμοίως
1244 3791 1308 3867 λεη-

220 3859 389 3928 triobrem
402 3865 454 3928 και
468 3866 728 3976 διαφθειρομένων
746 3863 1025 3972 deteriorandam,
1049 3865 1165 3976 ir'qneq
1164 3894 1233 3933 τινα
1223 3867 1306 3952 θη-

219 3950 272 4054 ola
290 3945 365 4012 narei
380 3944 502 4014 ridetur
522 3949 577 4055 την
597 3947 906 4057 tremutantia.
952 3950 1084 4017 Ου’δὲ
1065 3977 1101 4035 aq
1120 3957 1184 4017 veie
1200 3957 1305 4018 oluere·

217 4029 316 4099 ια’τιιν
330 4029 425 4114 φιιδιι
436 4057 481 4110 τις
494 4031 588 4122 eltqtt
600 4030 702 4109 adroic
709 4083 719 4114 ,
740 4031 813 4101 ov’di
823 4042 956 4126 ιογισμιῖ
968 4063 1027 4102 τινι
1039 4065 1060 4121 η
1075 4041 1172 4121 κρίσει
1185 4039 1305 4104 δικαίου

248 4215 277 4286 *J
293 4216 425 4300 Scriptum
439 4223 480 4272 ιιι
495 4218 554 4306 ιιι,
575 4225 603 4272 ιι
620 4220 747 4292 preterire
763 4221 905 4279 inductum
927 4223 984 4294 lsai
1004 4223 1053 4282 tet
1073 4225 1159 4282 reiro
1183 4221 1237 4297 yde
1257 4223 1302 4280 aei

280 4284 317 4338 ad
333 4284 430 4356 βόρεια
445 4289 497 4344 τοι
506 4256 623 4358 'Iraque
