<?xml version="1.0" encoding="UTF-8"?>
<!DOCTYPE html PUBLIC "-//W3C//DTD XHTML 1.0 Transitional//EN"
    "http://www.w3.org/TR/xhtml1/DTD/xhtml1-transitional.dtd">
<html xmlns="http://www.w3.org/1999/xhtml" xml:lang="en" lang="en">
 <head>
  <title>
</title>
<meta http-equiv="Content-Type" content="text/html;charset=utf-8" />
  <meta name='ocr-system' content='tesseract 3.04.00' />
  <meta name='ocr-capabilities' content='ocr_page ocr_carea ocr_par ocr_line ocrx_word'/>
</head>
<body>
  <div class='ocr_page' id='page_1' title='image "./leonisdiaconica00theogoog_0439.png"; bbox 0 0 2786 4620; ppageno 0'>
   <div class='ocr_carea' id='block_1_1' title="bbox 166 289 1217 386">
    <p class='ocr_par' dir='ltr' id='par_1_1' title="bbox 166 289 1217 386">
     <span class='ocr_line' id='line_1_1' title="bbox 166 289 1217 386; baseline 0.004 -24"><span class='ocrx_word' id='word_1_1' title='bbox 166 293 229 362; x_wconf 79' lang='lat' dir='ltr'><strong>ou</strong></span> <span class='ocrx_word' id='word_1_2' title='bbox 250 291 409 364; x_wconf 75' lang='lat' dir='ltr'><strong>exeun.</strong></span> <span class='ocrx_word' id='word_1_3' title='bbox 429 289 519 362; x_wconf 74' lang='lat' dir='ltr'><strong>sta.</strong></span> <span class='ocrx_word' id='word_1_4' title='bbox 539 291 621 362; x_wconf 76' lang='lat' dir='ltr'><strong>rto.</strong></span> <span class='ocrx_word' id='word_1_5' title='bbox 640 290 768 364; x_wconf 83' lang='lat' dir='ltr'><strong>enoc.</strong></span> <span class='ocrx_word' id='word_1_6' title='bbox 787 293 849 362; x_wconf 79' lang='lat' dir='ltr'><strong>nr</strong></span> <span class='ocrx_word' id='word_1_7' title='bbox 868 293 926 368; x_wconf 83' lang='grc' dir='ltr'><strong>ιο.</strong></span> <span class='ocrx_word' id='word_1_8' title='bbox 945 296 1066 368; x_wconf 74' lang='lat' dir='ltr'><strong>Tzur</strong></span> <span class='ocrx_word' id='word_1_9' title='bbox 1085 377 1090 386; x_wconf 57' lang='grc'><em>,</em></span> <span class='ocrx_word' id='word_1_10' title='bbox 1106 289 1180 366; x_wconf 79' lang='lat' dir='ltr'><strong>eet</strong></span> <span class='ocrx_word' id='word_1_11' title='bbox 1212 306 1217 328; x_wconf 85' lang='lat'><strong>·</strong></span> 
     </span>
    </p>
   </div>
   <div class='ocr_carea' id='block_1_2' title="bbox 78 451 1182 4216">
    <p class='ocr_par' dir='ltr' id='par_1_2' title="bbox 78 451 1182 4009">
     <span class='ocr_line' id='line_1_2' title="bbox 81 451 1182 534; baseline 0.003 -14"><span class='ocrx_word' id='word_1_12' title='bbox 81 473 217 534; x_wconf 77' lang='lat' dir='ltr'><strong>omnm,</strong></span> <span class='ocrx_word' id='word_1_13' title='bbox 244 452 304 516; x_wconf 87' lang='lat' dir='ltr'><strong>hoc</strong></span> <span class='ocrx_word' id='word_1_14' title='bbox 333 451 456 530; x_wconf 83' lang='lat' dir='ltr'><strong>andito,</strong></span> <span class='ocrx_word' id='word_1_15' title='bbox 485 453 609 514; x_wconf 86' lang='lat' dir='ltr'><strong>domum</strong></span> <span class='ocrx_word' id='word_1_16' title='bbox 632 473 785 516; x_wconf 69' lang='lat' dir='ltr'><strong>emersum</strong></span> <span class='ocrx_word' id='word_1_17' title='bbox 802 471 883 532; x_wconf 69' lang='lat' dir='ltr'><strong>ecee,</strong></span> <span class='ocrx_word' id='word_1_18' title='bbox 909 455 1021 520; x_wconf 70' lang='lat' dir='ltr'><strong>fedum</strong></span> <span class='ocrx_word' id='word_1_19' title='bbox 1038 476 1102 520; x_wconf 76' lang='lat' dir='ltr'><strong>enea</strong></span> <span class='ocrx_word' id='word_1_20' title='bbox 1121 457 1182 524; x_wconf 88' lang='lat' dir='ltr'><strong>hoe</strong></span> 
     </span>
     <span class='ocr_line' id='line_1_3' title="bbox 82 554 1181 638; baseline 0.005 -18"><span class='ocrx_word' id='word_1_21' title='bbox 82 577 167 620; x_wconf 89' lang='lat' dir='ltr'><strong>anno</strong></span> <span class='ocrx_word' id='word_1_22' title='bbox 189 557 254 626; x_wconf 74' lang='grc'><strong>868</strong></span> <span class='ocrx_word' id='word_1_23' title='bbox 273 573 375 616; x_wconf 85' lang='lat' dir='ltr'><strong>manee</strong></span> <span class='ocrx_word' id='word_1_24' title='bbox 397 554 584 634; x_wconf 79' lang='lat' dir='ltr'><strong>Muharrem3</strong></span> <span class='ocrx_word' id='word_1_25' title='bbox 614 555 724 618; x_wconf 87' lang='lat' dir='ltr'><strong>deinde</strong></span> <span class='ocrx_word' id='word_1_26' title='bbox 738 555 1008 638; x_wconf 82' lang='lat' dir='ltr'><strong>Saahdaddaulana,</strong></span> <span class='ocrx_word' id='word_1_27' title='bbox 1031 562 1181 626; x_wconf 73' lang='lat' dir='ltr'><strong>sociorum</strong></span> 
     </span>
     <span class='ocr_line' id='line_1_4' title="bbox 80 657 1181 741; baseline 0.001 -18"><span class='ocrx_word' id='word_1_28' title='bbox 80 681 179 724; x_wconf 84' lang='lat' dir='ltr'><strong>manu</strong></span> <span class='ocrx_word' id='word_1_29' title='bbox 191 659 328 731; x_wconf 87' lang='lat' dir='ltr'><strong>collecta,</strong></span> <span class='ocrx_word' id='word_1_30' title='bbox 349 677 451 722; x_wconf 83' lang='lat' dir='ltr'><strong>menae</strong></span> <span class='ocrx_word' id='word_1_31' title='bbox 462 657 654 720; x_wconf 81' lang='lat' dir='ltr'><strong>Ranndhano</strong></span> <span class='ocrx_word' id='word_1_32' title='bbox 667 659 812 720; x_wconf 88' lang='lat' dir='ltr'><strong>Halebnm</strong></span> <span class='ocrx_word' id='word_1_33' title='bbox 825 679 1009 741; x_wconf 68' lang='lat' dir='ltr'><strong>oppugnatae</strong></span> <span class='ocrx_word' id='word_1_34' title='bbox 1018 671 1050 722; x_wconf 86' lang='lat' dir='ltr'><strong>et</strong></span> <span class='ocrx_word' id='word_1_35' title='bbox 1059 683 1181 724; x_wconf 86' lang='lat' dir='ltr'><strong>manum</strong></span> 
     </span>
     <span class='ocr_line' id='line_1_5' title="bbox 81 760 1181 846; baseline 0.004 -23"><span class='ocrx_word' id='word_1_36' title='bbox 81 781 156 826; x_wconf 86' lang='lat' dir='ltr'><strong>cnm</strong></span> <span class='ocrx_word' id='word_1_37' title='bbox 178 760 355 844; x_wconf 77' lang='lat' dir='ltr'><strong>Kargleujah</strong></span> <span class='ocrx_word' id='word_1_38' title='bbox 377 772 409 822; x_wconf 87' lang='lat' dir='ltr'><strong>et</strong></span> <span class='ocrx_word' id='word_1_39' title='bbox 425 761 575 844; x_wconf 88' lang='lat' dir='ltr'><strong>Bacdjuro</strong></span> <span class='ocrx_word' id='word_1_40' title='bbox 595 761 798 834; x_wconf 70' lang='lat' dir='ltr'><strong>conteruieeet</strong></span> <span class='ocrx_word' id='word_1_41' title='bbox 818 770 885 822; x_wconf 91' lang='lat' dir='ltr'><strong>tum</strong></span> <span class='ocrx_word' id='word_1_42' title='bbox 903 765 1031 845; x_wconf 62' lang='lat' dir='ltr'><strong>pergite)</strong></span> <span class='ocrx_word' id='word_1_43' title='bbox 1054 765 1181 846; x_wconf 79' lang='lat' dir='ltr'><strong>Scripeit</strong></span> 
     </span>
     <span class='ocr_line' id='line_1_6' title="bbox 82 863 1178 948; baseline 0.004 -24"><span class='ocrx_word' id='word_1_44' title='bbox 82 863 194 925; x_wconf 83' lang='lat' dir='ltr'><strong>deinde</strong></span> <span class='ocrx_word' id='word_1_45' title='bbox 206 864 383 946; x_wconf 70' lang='lat' dir='ltr'><strong>Kerglanjah</strong></span> <span class='ocrx_word' id='word_1_46' title='bbox 398 864 437 924; x_wconf 89' lang='lat' dir='ltr'><strong>ad</strong></span> <span class='ocrx_word' id='word_1_47' title='bbox 456 865 604 926; x_wconf 84' lang='lat' dir='ltr'><strong>Romanoa</strong></span> <span class='ocrx_word' id='word_1_48' title='bbox 624 872 653 924; x_wconf 88' lang='lat' dir='ltr'><strong>et</strong></span> <span class='ocrx_word' id='word_1_49' title='bbox 666 863 828 926; x_wconf 75' lang='lat' dir='ltr'><strong>Patricium</strong></span> <span class='ocrx_word' id='word_1_50' title='bbox 841 865 987 948; x_wconf 81' lang='lat' dir='ltr'><strong>quendam</strong></span> <span class='ocrx_word' id='word_1_51' title='bbox 993 910 1004 944; x_wconf 96' lang='lat'><strong>,</strong></span> <span class='ocrx_word' id='word_1_52' title='bbox 1025 866 1078 946; x_wconf 84' lang='lat' dir='ltr'><strong>qui</strong></span> <span class='ocrx_word' id='word_1_53' title='bbox 1092 866 1126 928; x_wconf 92' lang='lat' dir='ltr'><strong>in</strong></span> <span class='ocrx_word' id='word_1_54' title='bbox 1138 866 1178 928; x_wconf 81' lang='lat' dir='ltr'><strong>fi-</strong></span> 
     </span>
     <span class='ocr_line' id='line_1_7' title="bbox 80 965 1179 1046; baseline 0.003 -18"><span class='ocrx_word' id='word_1_55' title='bbox 80 966 176 1028; x_wconf 68' lang='lat' dir='ltr'><strong>nibus</strong></span> <span class='ocrx_word' id='word_1_56' title='bbox 199 965 322 1028; x_wconf 74' lang='lat' dir='ltr'><strong>ditioena</strong></span> <span class='ocrx_word' id='word_1_57' title='bbox 338 969 489 1028; x_wconf 79' lang='lat' dir='ltr'><strong>Romanae</strong></span> <span class='ocrx_word' id='word_1_58' title='bbox 501 966 695 1044; x_wconf 74' lang='lat' dir='ltr'><strong>emebatur,</strong></span> <span class='ocrx_word' id='word_1_59' title='bbox 716 967 853 1046; x_wconf 79' lang='lat' dir='ltr'><strong>rogavit,</strong></span> <span class='ocrx_word' id='word_1_60' title='bbox 874 977 911 1028; x_wconf 87' lang='lat' dir='ltr'><strong>ut</strong></span> <span class='ocrx_word' id='word_1_61' title='bbox 927 968 984 1028; x_wconf 84' lang='lat' dir='ltr'><strong>eibi</strong></span> <span class='ocrx_word' id='word_1_62' title='bbox 998 967 1110 1028; x_wconf 87' lang='lat' dir='ltr'><strong>anxilio</strong></span> <span class='ocrx_word' id='word_1_63' title='bbox 1123 988 1179 1032; x_wconf 83' lang='lat' dir='ltr'><strong>ve·</strong></span> 
     </span>
     <span class='ocr_line' id='line_1_8' title="bbox 80 1067 1178 1150; baseline 0.002 -20"><span class='ocrx_word' id='word_1_64' title='bbox 80 1069 178 1130; x_wconf 62' lang='lat' dir='ltr'><strong>niam.</strong></span> <span class='ocrx_word' id='word_1_65' title='bbox 222 1067 296 1147; x_wconf 83' lang='lat' dir='ltr'><strong>llic,</strong></span> <span class='ocrx_word' id='word_1_66' title='bbox 329 1089 408 1130; x_wconf 83' lang='lat' dir='ltr'><strong>unna</strong></span> <span class='ocrx_word' id='word_1_67' title='bbox 434 1067 641 1130; x_wconf 86' lang='lat' dir='ltr'><strong>eunuchorum</strong></span> <span class='ocrx_word' id='word_1_68' title='bbox 665 1068 854 1150; x_wconf 67' lang='lat' dir='ltr'><strong>Nicephori,</strong></span> <span class='ocrx_word' id='word_1_69' title='bbox 875 1070 998 1132; x_wconf 78' lang='lat' dir='ltr'><strong>nemim</strong></span> <span class='ocrx_word' id='word_1_70' title='bbox 1024 1070 1178 1150; x_wconf 80' lang='lat' dir='ltr'><strong>Thorbaei,</strong></span> 
     </span>
     <span class='ocr_line' id='line_1_9' title="bbox 83 1168 1179 1255; baseline 0.005 -26"><span class='ocrx_word' id='word_1_71' title='bbox 83 1169 194 1252; x_wconf 71' lang='lat' dir='ltr'><strong>copiae</strong></span> <span class='ocrx_word' id='word_1_72' title='bbox 206 1171 320 1248; x_wconf 80' lang='lat' dir='ltr'><strong>eduit,</strong></span> <span class='ocrx_word' id='word_1_73' title='bbox 340 1181 408 1232; x_wconf 78' lang='lat' dir='ltr'><strong>nam</strong></span> <span class='ocrx_word' id='word_1_74' title='bbox 421 1181 522 1232; x_wconf 87' lang='lat' dir='ltr'><strong>autem</strong></span> <span class='ocrx_word' id='word_1_75' title='bbox 532 1168 592 1230; x_wconf 83' lang='lat' dir='ltr'><strong>iter</strong></span> <span class='ocrx_word' id='word_1_76' title='bbox 604 1168 794 1232; x_wconf 78' lang='lat' dir='ltr'><strong>Antiochiam</strong></span> <span class='ocrx_word' id='word_1_77' title='bbox 803 1189 908 1234; x_wconf 76' lang='lat' dir='ltr'><strong>varam</strong></span> <span class='ocrx_word' id='word_1_78' title='bbox 921 1172 1042 1234; x_wconf 81' lang='lat' dir='ltr'><strong>deflexit</strong></span> <span class='ocrx_word' id='word_1_79' title='bbox 1053 1183 1179 1255; x_wconf 82' lang='lat' dir='ltr'><strong>propter</strong></span> 
     </span>
     <span class='ocr_line' id='line_1_10' title="bbox 82 1269 1177 1357; baseline 0.005 -23"><span class='ocrx_word' id='word_1_80' title='bbox 82 1271 170 1334; x_wconf 83' lang='lat' dir='ltr'><strong>hacc</strong></span> <span class='ocrx_word' id='word_1_81' title='bbox 186 1289 338 1354; x_wconf 70' lang='lat' dir='ltr'><strong>emaum,</strong></span> <span class='ocrx_word' id='word_1_82' title='bbox 359 1275 442 1355; x_wconf 88' lang='lat' dir='ltr'><strong>quod</strong></span> <span class='ocrx_word' id='word_1_83' title='bbox 461 1274 541 1334; x_wconf 80' lang='lat' dir='ltr'><strong>inter</strong></span> <span class='ocrx_word' id='word_1_84' title='bbox 556 1269 766 1350; x_wconf 81' lang='lat' dir='ltr'><strong>imperatorem</strong></span> <span class='ocrx_word' id='word_1_85' title='bbox 787 1273 1006 1353; x_wconf 74' lang='lat' dir='ltr'><strong>homonem,</strong></span> <span class='ocrx_word' id='word_1_86' title='bbox 1028 1296 1121 1357; x_wconf 86' lang='lat' dir='ltr'><strong>quum</strong></span> <span class='ocrx_word' id='word_1_87' title='bbox 1141 1275 1177 1356; x_wconf 83' lang='lat' dir='ltr'><strong>ie,</strong></span> 
     </span>
     <span class='ocr_line' id='line_1_11' title="bbox 81 1373 1178 1458; baseline 0.001 -20"><span class='ocrx_word' id='word_1_88' title='bbox 81 1395 185 1438; x_wconf 71' lang='lat' dir='ltr'><strong>nonar</strong></span> <span class='ocrx_word' id='word_1_89' title='bbox 199 1375 316 1436; x_wconf 76' lang='lat' dir='ltr'><strong>dumne</strong></span> <span class='ocrx_word' id='word_1_90' title='bbox 334 1378 470 1458; x_wconf 76' lang='lat' dir='ltr'><strong>capn‘eoe</strong></span> <span class='ocrx_word' id='word_1_91' title='bbox 492 1384 523 1435; x_wconf 85' lang='lat' dir='ltr'><strong>et</strong></span> <span class='ocrx_word' id='word_1_92' title='bbox 537 1373 694 1455; x_wconf 84' lang='lat' dir='ltr'><strong>praedam,</strong></span> <span class='ocrx_word' id='word_1_93' title='bbox 714 1382 751 1434; x_wconf 84' lang='lat' dir='ltr'><strong>ut</strong></span> <span class='ocrx_word' id='word_1_94' title='bbox 764 1393 855 1456; x_wconf 73' lang='lat' dir='ltr'><strong>enpra</strong></span> <span class='ocrx_word' id='word_1_95' title='bbox 872 1376 1017 1440; x_wconf 87' lang='lat' dir='ltr'><strong>traditum</strong></span> <span class='ocrx_word' id='word_1_96' title='bbox 1031 1385 1091 1456; x_wconf 79' lang='lat' dir='ltr'><strong>aet,</strong></span> <span class='ocrx_word' id='word_1_97' title='bbox 1111 1378 1178 1439; x_wconf 87' lang='lat' dir='ltr'><strong>Bu·</strong></span> 
     </span>
     <span class='ocr_line' id='line_1_12' title="bbox 82 1473 1178 1558; baseline -0.001 -19"><span class='ocrx_word' id='word_1_98' title='bbox 82 1478 143 1539; x_wconf 81' lang='lat' dir='ltr'><strong>kae</strong></span> <span class='ocrx_word' id='word_1_99' title='bbox 155 1477 184 1552; x_wconf 71' lang='lat'><strong>⁹⁵)</strong></span> <span class='ocrx_word' id='word_1_100' title='bbox 202 1489 387 1554; x_wconf 70' lang='lat' dir='ltr'><strong>emma,</strong></span> <span class='ocrx_word' id='word_1_101' title='bbox 415 1487 448 1538; x_wconf 88' lang='lat' dir='ltr'><strong>et</strong></span> <span class='ocrx_word' id='word_1_102' title='bbox 467 1475 582 1538; x_wconf 78' lang='lat' dir='ltr'><strong>incolae</strong></span> <span class='ocrx_word' id='word_1_103' title='bbox 600 1473 690 1536; x_wconf 75' lang='lat' dir='ltr'><strong>liniue</strong></span> <span class='ocrx_word' id='word_1_104' title='bbox 708 1475 810 1554; x_wconf 80' lang='lat' dir='ltr'><strong>urbia,</strong></span> <span class='ocrx_word' id='word_1_105' title='bbox 832 1477 885 1558; x_wconf 83' lang='lat' dir='ltr'><strong>qui</strong></span> <span class='ocrx_word' id='word_1_106' title='bbox 907 1477 1067 1540; x_wconf 67' lang='lat' dir='ltr'><strong>Christiani</strong></span> <span class='ocrx_word' id='word_1_107' title='bbox 1083 1487 1178 1555; x_wconf 80' lang='lat' dir='ltr'><strong>erant,</strong></span> 
     </span>
     <span class='ocr_line' id='line_1_13' title="bbox 86 1575 1176 1656; baseline 0 -16"><span class='ocrx_word' id='word_1_108' title='bbox 86 1580 293 1656; x_wconf 77' lang='lat' dir='ltr'><strong>conveniaaet,</strong></span> <span class='ocrx_word' id='word_1_109' title='bbox 315 1584 351 1640; x_wconf 86' lang='lat' dir='ltr'><strong>ut</strong></span> <span class='ocrx_word' id='word_1_110' title='bbox 369 1578 404 1639; x_wconf 91' lang='lat' dir='ltr'><strong>hi</strong></span> <span class='ocrx_word' id='word_1_111' title='bbox 426 1576 617 1640; x_wconf 69' lang='lat' dir='ltr'><strong>Antiochiam</strong></span> <span class='ocrx_word' id='word_1_112' title='bbox 636 1575 813 1656; x_wconf 74' lang='lat' dir='ltr'><strong>migrarant,</strong></span> <span class='ocrx_word' id='word_1_113' title='bbox 842 1578 1016 1641; x_wconf 70' lang='lat' dir='ltr'><strong>simulantes</strong></span> <span class='ocrx_word' id='word_1_114' title='bbox 1037 1598 1069 1640; x_wconf 87' lang='lat' dir='ltr'><strong>ae</strong></span> <span class='ocrx_word' id='word_1_115' title='bbox 1093 1589 1176 1640; x_wconf 88' lang='lat' dir='ltr'><strong>metu</strong></span> 
     </span>
     <span class='ocr_line' id='line_1_14' title="bbox 83 1677 1178 1759; baseline -0.001 -15"><span class='ocrx_word' id='word_1_116' title='bbox 83 1683 287 1744; x_wconf 82' lang='lat' dir='ltr'><strong>Romanarum</strong></span> <span class='ocrx_word' id='word_1_117' title='bbox 301 1681 454 1742; x_wconf 89' lang='lat' dir='ltr'><strong>domicilia</strong></span> <span class='ocrx_word' id='word_1_118' title='bbox 473 1679 645 1759; x_wconf 81' lang='lat' dir='ltr'><strong>reliqnieae,</strong></span> <span class='ocrx_word' id='word_1_119' title='bbox 664 1677 709 1738; x_wconf 90' lang='lat' dir='ltr'><strong>ita</strong></span> <span class='ocrx_word' id='word_1_120' title='bbox 722 1689 759 1739; x_wconf 89' lang='lat' dir='ltr'><strong>ut</strong></span> <span class='ocrx_word' id='word_1_121' title='bbox 772 1679 843 1740; x_wconf 80' lang='lat' dir='ltr'><strong>ictio</strong></span> <span class='ocrx_word' id='word_1_122' title='bbox 857 1679 1024 1742; x_wconf 82' lang='lat' dir='ltr'><strong>habitantea&#39;</strong></span> <span class='ocrx_word' id='word_1_123' title='bbox 1036 1681 1178 1744; x_wconf 82' lang='lat' dir='ltr'><strong>Rdmenie</strong></span> 
     </span>
     <span class='ocr_line' id='line_1_15' title="bbox 82 1779 1178 1868; baseline -0.002 -20"><span class='ocrx_word' id='word_1_124' title='bbox 82 1785 277 1848; x_wconf 72' lang='lat' dir='ltr'><strong>Antiochiam</strong></span> <span class='ocrx_word' id='word_1_125' title='bbox 295 1783 451 1856; x_wconf 76' lang='lat' dir='ltr'><strong>obeidiene</strong></span> <span class='ocrx_word' id='word_1_126' title='bbox 472 1781 642 1864; x_wconf 70' lang='lat' dir='ltr'><strong>petentibus</strong></span> <span class='ocrx_word' id='word_1_127' title='bbox 660 1779 700 1839; x_wconf 89' lang='lat' dir='ltr'><strong>ad</strong></span> <span class='ocrx_word' id='word_1_128' title='bbox 718 1784 825 1844; x_wconf 84' lang='lat' dir='ltr'><strong>urbem</strong></span> <span class='ocrx_word' id='word_1_129' title='bbox 840 1783 1069 1868; x_wconf 73' lang='lat' dir='ltr'><strong>expugnandam</strong></span> <span class='ocrx_word' id='word_1_130' title='bbox 1087 1783 1178 1846; x_wconf 83' lang='lat' dir='ltr'><strong>auxi·</strong></span> 
     </span>
     <span class='ocr_line' id='line_1_16' title="bbox 80 1883 1177 1960; baseline -0.002 -10"><span class='ocrx_word' id='word_1_131' title='bbox 80 1888 162 1950; x_wconf 84' lang='lat' dir='ltr'><strong>lium</strong></span> <span class='ocrx_word' id='word_1_132' title='bbox 181 1890 306 1950; x_wconf 74' lang='lat' dir='ltr'><strong>fument·</strong></span> <span class='ocrx_word' id='word_1_133' title='bbox 347 1887 414 1960; x_wconf 82' lang='lat' dir='ltr'><strong>Quo</strong></span> <span class='ocrx_word' id='word_1_134' title='bbox 432 1887 513 1946; x_wconf 82' lang='lat' dir='ltr'><strong>facto</strong></span> <span class='ocrx_word' id='word_1_135' title='bbox 530 1884 654 1944; x_wconf 77' lang='lat' dir='ltr'><strong>concilia</strong></span> <span class='ocrx_word' id='word_1_136' title='bbox 667 1903 736 1946; x_wconf 87' lang='lat' dir='ltr'><strong>cum</strong></span> <span class='ocrx_word' id='word_1_137' title='bbox 748 1885 925 1950; x_wconf 67' lang='lat' dir='ltr'><strong>Chnetianie</strong></span> <span class='ocrx_word' id='word_1_138' title='bbox 938 1884 1113 1950; x_wconf 74' lang='lat' dir='ltr'><strong>Antiochiae</strong></span> <span class='ocrx_word' id='word_1_139' title='bbox 1125 1883 1177 1956; x_wconf 73' lang='lat' dir='ltr'><strong>ire-j</strong></span> 
     </span>
     <span class='ocr_line' id='line_1_17' title="bbox 81 1984 1176 2068; baseline -0.003 -15"><span class='ocrx_word' id='word_1_140' title='bbox 81 1991 159 2054; x_wconf 82' lang='lat' dir='ltr'><strong>colia</strong></span> <span class='ocrx_word' id='word_1_141' title='bbox 182 1989 365 2052; x_wconf 83' lang='lat' dir='ltr'><strong>coniunxere</strong></span> <span class='ocrx_word' id='word_1_142' title='bbox 383 1997 414 2048; x_wconf 90' lang='lat' dir='ltr'><strong>et</strong></span> <span class='ocrx_word' id='word_1_143' title='bbox 430 1984 627 2048; x_wconf 74' lang='lat' dir='ltr'><strong>lhorbaeinm</strong></span> <span class='ocrx_word' id='word_1_144' title='bbox 647 1987 804 2050; x_wconf 83' lang='lat' dir='ltr'><strong>certiorem</strong></span> <span class='ocrx_word' id='word_1_145' title='bbox 827 1992 1088 2068; x_wconf 73' lang='lat' dir='ltr'><strong>fecera,3vaeuam</strong></span> <span class='ocrx_word' id='word_1_146' title='bbox 1112 2009 1176 2054; x_wconf 80' lang='lat' dir='ltr'><strong>caea</strong></span> 
     </span>
     <span class='ocr_line' id='line_1_18' title="bbox 79 2088 1176 2172; baseline 0 -18"><span class='ocrx_word' id='word_1_147' title='bbox 79 2093 191 2154; x_wconf 84' lang='lat' dir='ltr'><strong>urbam</strong></span> <span class='ocrx_word' id='word_1_148' title='bbox 206 2101 237 2151; x_wconf 86' lang='lat' dir='ltr'><strong>et</strong></span> <span class='ocrx_word' id='word_1_149' title='bbox 249 2091 400 2172; x_wconf 85' lang='lat' dir='ltr'><strong>praelecto</strong></span> <span class='ocrx_word' id='word_1_150' title='bbox 416 2088 598 2154; x_wconf 76' lang='lat' dir='ltr'><strong>dmtitntam.</strong></span> <span class='ocrx_word' id='word_1_151' title='bbox 639 2089 758 2150; x_wconf 89' lang='lat' dir='ltr'><strong>Incolae</strong></span> <span class='ocrx_word' id='word_1_152' title='bbox 777 2102 877 2157; x_wconf 80' lang='lat' dir='ltr'><strong>antem</strong></span> <span class='ocrx_word' id='word_1_153' title='bbox 893 2092 977 2156; x_wconf 75' lang='lat' dir='ltr'><strong>uehi·</strong></span> <span class='ocrx_word' id='word_1_154' title='bbox 989 2091 1176 2154; x_wconf 80' lang='lat' dir='ltr'><strong>Muhamme-</strong></span> 
     </span>
     <span class='ocr_line' id='line_1_19' title="bbox 83 2191 1175 2273; baseline 0 -17"><span class='ocrx_word' id='word_1_155' title='bbox 83 2193 159 2256; x_wconf 88' lang='lat' dir='ltr'><strong>dani</strong></span> <span class='ocrx_word' id='word_1_156' title='bbox 166 2213 266 2252; x_wconf 80' lang='lat' dir='ltr'><strong>murce</strong></span> <span class='ocrx_word' id='word_1_157' title='bbox 274 2193 464 2254; x_wconf 81' lang='lat' dir='ltr'><strong>deeemerant</strong></span> <span class='ocrx_word' id='word_1_158' title='bbox 476 2199 506 2252; x_wconf 89' lang='lat' dir='ltr'><strong>et</strong></span> <span class='ocrx_word' id='word_1_159' title='bbox 515 2191 743 2272; x_wconf 71' lang='lat' dir='ltr'><strong>negligentiores</strong></span> <span class='ocrx_word' id='word_1_160' title='bbox 750 2205 835 2254; x_wconf 73' lang='lat' dir='ltr'><strong>arun</strong></span> <span class='ocrx_word' id='word_1_161' title='bbox 845 2195 960 2255; x_wconf 86' lang='lat' dir='ltr'><strong>inurbe</strong></span> <span class='ocrx_word' id='word_1_162' title='bbox 973 2194 1175 2273; x_wconf 76' lang='lat' dir='ltr'><strong>custodienda,</strong></span> 
     </span>
     <span class='ocr_line' id='line_1_20' title="bbox 82 2293 1176 2376; baseline 0.002 -20"><span class='ocrx_word' id='word_1_163' title='bbox 82 2313 180 2376; x_wconf 76' lang='lat' dir='ltr'><strong>quum</strong></span> <span class='ocrx_word' id='word_1_164' title='bbox 198 2293 343 2356; x_wconf 76' lang='lat' dir='ltr'><strong>exercituo</strong></span> <span class='ocrx_word' id='word_1_165' title='bbox 361 2295 512 2358; x_wconf 83' lang='lat' dir='ltr'><strong>Romanoa</strong></span> <span class='ocrx_word' id='word_1_166' title='bbox 534 2297 572 2356; x_wconf 92' lang='lat' dir='ltr'><strong>ad</strong></span> <span class='ocrx_word' id='word_1_167' title='bbox 596 2297 651 2356; x_wconf 84' lang='lat' dir='ltr'><strong>XL</strong></span> <span class='ocrx_word' id='word_1_168' title='bbox 670 2295 784 2371; x_wconf 84' lang='lat' dir='ltr'><strong>millia,</strong></span> <span class='ocrx_word' id='word_1_169' title='bbox 811 2295 937 2357; x_wconf 85' lang='lat' dir='ltr'><strong>ducibua</strong></span> <span class='ocrx_word' id='word_1_170' title='bbox 951 2294 1122 2356; x_wconf 79' lang='lat' dir='ltr'><strong>‘Thcrbaaio</strong></span> <span class='ocrx_word' id='word_1_171' title='bbox 1144 2307 1176 2358; x_wconf 87' lang='lat' dir='ltr'><strong>et</strong></span> 
     </span>
     <span class='ocr_line' id='line_1_21' title="bbox 78 2395 1174 2476; baseline -0.001 -16"><span class='ocrx_word' id='word_1_172' title='bbox 78 2395 561 2474; x_wconf 76' lang='lat' dir='ltr'><strong>laniae-ben-80hemeaehkik,</strong></span> <span class='ocrx_word' id='word_1_173' title='bbox 589 2397 799 2476; x_wconf 72' lang='lat' dir='ltr'><strong>aggrederetur</strong></span> <span class='ocrx_word' id='word_1_174' title='bbox 819 2406 850 2458; x_wconf 88' lang='lat' dir='ltr'><strong>et</strong></span> <span class='ocrx_word' id='word_1_175' title='bbox 870 2397 1059 2458; x_wconf 74' lang='lat' dir='ltr'><strong>Antiochiam</strong></span> <span class='ocrx_word' id='word_1_176' title='bbox 1086 2398 1174 2459; x_wconf 88' lang='lat' dir='ltr'><strong>chai-</strong></span> 
     </span>
     <span class='ocr_line' id='line_1_22' title="bbox 79 2497 1175 2579; baseline 0.001 -18"><span class='ocrx_word' id='word_1_177' title='bbox 79 2501 172 2562; x_wconf 90' lang='lat' dir='ltr'><strong>dione</strong></span> <span class='ocrx_word' id='word_1_178' title='bbox 183 2499 325 2578; x_wconf 77' lang='lat' dir='ltr'><strong>cingeret.</strong></span> <span class='ocrx_word' id='word_1_179' title='bbox 361 2499 481 2558; x_wconf 78' lang='lat' dir='ltr'><strong>Incolae</strong></span> <span class='ocrx_word' id='word_1_180' title='bbox 490 2499 593 2560; x_wconf 82' lang='lat' dir='ltr'><strong>Bukae</strong></span> <span class='ocrx_word' id='word_1_181' title='bbox 604 2499 641 2558; x_wconf 85' lang='lat' dir='ltr'><strong>ab</strong></span> <span class='ocrx_word' id='word_1_182' title='bbox 654 2519 688 2560; x_wconf 89' lang='lat' dir='ltr'><strong>ea</strong></span> <span class='ocrx_word' id='word_1_183' title='bbox 701 2519 790 2579; x_wconf 86' lang='lat' dir='ltr'><strong>qnam</strong></span> <span class='ocrx_word' id='word_1_184' title='bbox 801 2507 963 2562; x_wconf 86' lang='lat' dir='ltr'><strong>tenuerunt</strong></span> <span class='ocrx_word' id='word_1_185' title='bbox 975 2499 1083 2562; x_wconf 76' lang='lat' dir='ltr'><strong>cummi</strong></span> <span class='ocrx_word' id='word_1_186' title='bbox 1095 2497 1175 2562; x_wconf 78' lang='lat' dir='ltr'><strong>mmi</strong></span> 
     </span>
     <span class='ocr_line' id='line_1_23' title="bbox 79 2592 1173 2685; baseline 0.001 -23"><span class='ocrx_word' id='word_1_187' title='bbox 79 2611 168 2685; x_wconf 82' lang='lat' dir='ltr'><strong>parte</strong></span> <span class='ocrx_word' id='word_1_188' title='bbox 182 2601 404 2678; x_wconf 70' lang='lat' dir='ltr'><strong>descenderunt</strong></span> <span class='ocrx_word' id='word_1_189' title='bbox 413 2609 443 2661; x_wconf 84' lang='lat' dir='ltr'><strong>et</strong></span> <span class='ocrx_word' id='word_1_190' title='bbox 452 2602 570 2662; x_wconf 86' lang='lat' dir='ltr'><strong>moenia</strong></span> <span class='ocrx_word' id='word_1_191' title='bbox 579 2601 664 2662; x_wconf 81' lang='lat' dir='ltr'><strong>urbia</strong></span> <span class='ocrx_word' id='word_1_192' title='bbox 673 2621 767 2662; x_wconf 85' lang='lat' dir='ltr'><strong>vacua</strong></span> <span class='ocrx_word' id='word_1_193' title='bbox 776 2592 975 2682; x_wconf 63' lang='lat' dir='ltr'><strong>reliquarum</strong></span> <span class='ocrx_word' id='word_1_194' title='bbox 995 2613 1061 2662; x_wconf 87' lang='lat' dir='ltr'><strong>tum</strong></span> <span class='ocrx_word' id='word_1_195' title='bbox 1072 2620 1173 2664; x_wconf 82' lang='lat' dir='ltr'><strong>aecen-</strong></span> 
     </span>
     <span class='ocr_line' id='line_1_24' title="bbox 82 2701 1174 2786; baseline 0 -22"><span class='ocrx_word' id='word_1_196' title='bbox 82 2706 192 2764; x_wconf 83' lang='lat' dir='ltr'><strong>derunt</strong></span> <span class='ocrx_word' id='word_1_197' title='bbox 205 2703 332 2764; x_wconf 81' lang='lat' dir='ltr'><strong>Romani</strong></span> <span class='ocrx_word' id='word_1_198' title='bbox 348 2710 379 2764; x_wconf 88' lang='lat' dir='ltr'><strong>et</strong></span> <span class='ocrx_word' id='word_1_199' title='bbox 392 2703 468 2762; x_wconf 89' lang='lat' dir='ltr'><strong>urbe</strong></span> <span class='ocrx_word' id='word_1_200' title='bbox 482 2704 572 2784; x_wconf 89' lang='lat' dir='ltr'><strong>potiti</strong></span> <span class='ocrx_word' id='word_1_201' title='bbox 592 2712 672 2786; x_wconf 82' lang='lat' dir='ltr'><strong>eunt.</strong></span> <span class='ocrx_word' id='word_1_202' title='bbox 715 2704 838 2764; x_wconf 86' lang='lat' dir='ltr'><strong>Factum</strong></span> <span class='ocrx_word' id='word_1_203' title='bbox 854 2701 914 2762; x_wconf 87' lang='lat' dir='ltr'><strong>hoc</strong></span> <span class='ocrx_word' id='word_1_204' title='bbox 930 2713 976 2764; x_wconf 82' lang='lat' dir='ltr'><strong>cat</strong></span> <span class='ocrx_word' id='word_1_205' title='bbox 989 2713 1079 2764; x_wconf 87' lang='lat' dir='ltr'><strong>nocta</strong></span> <span class='ocrx_word' id='word_1_206' title='bbox 1095 2703 1174 2771; x_wconf 71' lang='lat'><strong>18¹¹*</strong></span> 
     </span>
     <span class='ocr_line' id='line_1_25' title="bbox 79 2804 1172 2886; baseline -0.002 -18"><span class='ocrx_word' id='word_1_207' title='bbox 79 2805 192 2868; x_wconf 81' lang='lat' dir='ltr'><strong>ntenaie</strong></span> <span class='ocrx_word' id='word_1_208' title='bbox 210 2805 416 2886; x_wconf 79' lang='lat' dir='ltr'><strong>Deulhidjdjae</strong></span> <span class='ocrx_word' id='word_1_209' title='bbox 433 2806 504 2866; x_wconf 88' lang='lat' dir='ltr'><strong>anni</strong></span> <span class='ocrx_word' id='word_1_210' title='bbox 522 2808 595 2874; x_wconf 82' lang='lat'><strong>358.</strong></span> <span class='ocrx_word' id='word_1_211' title='bbox 644 2807 842 2868; x_wconf 87' lang='lat' dir='ltr'><strong>Penetrarunt</strong></span> <span class='ocrx_word' id='word_1_212' title='bbox 861 2804 988 2866; x_wconf 81' lang='lat' dir='ltr'><strong>Romani</strong></span> <span class='ocrx_word' id='word_1_213' title='bbox 1007 2805 1042 2865; x_wconf 90' lang='lat' dir='ltr'><strong>in</strong></span> <span class='ocrx_word' id='word_1_214' title='bbox 1057 2805 1172 2879; x_wconf 88' lang='lat' dir='ltr'><strong>urbem,</strong></span> 
     </span>
     <span class='ocr_line' id='line_1_26' title="bbox 81 2904 1172 2989; baseline -0.002 -19"><span class='ocrx_word' id='word_1_215' title='bbox 81 2910 312 2970; x_wconf 83' lang='lat' dir='ltr'><strong>combueeerunt</strong></span> <span class='ocrx_word' id='word_1_216' title='bbox 332 2917 362 2968; x_wconf 88' lang='lat' dir='ltr'><strong>et</strong></span> <span class='ocrx_word' id='word_1_217' title='bbox 379 2909 515 2989; x_wconf 74' lang='lat' dir='ltr'><strong>cepticos</strong></span> <span class='ocrx_word' id='word_1_218' title='bbox 539 2909 693 2988; x_wconf 83' lang='lat' dir='ltr'><strong>fecenent,</strong></span> <span class='ocrx_word' id='word_1_219' title='bbox 721 2907 780 2970; x_wconf 81' lang='lat' dir='ltr'><strong>fuit</strong></span> <span class='ocrx_word' id='word_1_220' title='bbox 801 2915 897 2968; x_wconf 88' lang='lat' dir='ltr'><strong>autem</strong></span> <span class='ocrx_word' id='word_1_221' title='bbox 915 2927 978 2968; x_wconf 83' lang='lat' dir='ltr'><strong>nox</strong></span> <span class='ocrx_word' id='word_1_222' title='bbox 996 2904 1172 2968; x_wconf 76' lang='lat' dir='ltr'><strong>nativitatie.</strong></span> 
     </span>
     <span class='ocr_line' id='line_1_27' title="bbox 81 3008 1174 3091; baseline -0.003 -20"><span class='ocrx_word' id='word_1_223' title='bbox 81 3011 185 3087; x_wconf 82' lang='lat' dir='ltr'><strong>Quum</strong></span> <span class='ocrx_word' id='word_1_224' title='bbox 201 3009 326 3070; x_wconf 80' lang='lat' dir='ltr'><strong>Romani</strong></span> <span class='ocrx_word' id='word_1_225' title='bbox 340 3019 472 3070; x_wconf 88' lang='lat' dir='ltr'><strong>montem</strong></span> <span class='ocrx_word' id='word_1_226' title='bbox 492 3011 577 3071; x_wconf 79' lang='lat' dir='ltr'><strong>urbia</strong></span> <span class='ocrx_word' id='word_1_227' title='bbox 594 3012 811 3087; x_wconf 71' lang='lat' dir='ltr'><strong>accendissent,</strong></span> <span class='ocrx_word' id='word_1_228' title='bbox 833 3008 1056 3091; x_wconf 77' lang='lat' dir='ltr'><strong>prehenderunt</strong></span> <span class='ocrx_word' id='word_1_229' title='bbox 1072 3015 1174 3068; x_wconf 81' lang='lat' dir='ltr'><strong>cuato-</strong></span> 
     </span>
     <span class='ocr_line' id='line_1_28' title="bbox 82 3109 1172 3194; baseline -0.003 -21"><span class='ocrx_word' id='word_1_230' title='bbox 82 3113 135 3174; x_wconf 83' lang='lat' dir='ltr'><strong>dea</strong></span> <span class='ocrx_word' id='word_1_231' title='bbox 161 3121 192 3172; x_wconf 84' lang='lat' dir='ltr'><strong>et</strong></span> <span class='ocrx_word' id='word_1_232' title='bbox 214 3111 255 3170; x_wconf 85' lang='lat' dir='ltr'><strong>eie</strong></span> <span class='ocrx_word' id='word_1_233' title='bbox 277 3111 441 3172; x_wconf 77' lang='lat' dir='ltr'><strong>dixmnnte</strong></span> <span class='ocrx_word' id='word_1_234' title='bbox 467 3113 626 3188; x_wconf 75' lang='lat' dir='ltr'><strong>„Laudato</strong></span> <span class='ocrx_word' id='word_1_235' title='bbox 650 3124 680 3174; x_wconf 89' lang='lat' dir='ltr'><strong>et</strong></span> <span class='ocrx_word' id='word_1_236' title='bbox 697 3113 867 3194; x_wconf 85' lang='lat' dir='ltr'><strong>praedicate</strong></span> <span class='ocrx_word' id='word_1_237' title='bbox 885 3113 980 3171; x_wconf 86' lang='lat' dir='ltr'><strong>Deam</strong></span> <span class='ocrx_word' id='word_1_238' title='bbox 1003 3109 1172 3188; x_wconf 68' lang='lat' dir='ltr'><strong>magnumd’</strong></span> 
     </span>
     <span class='ocr_line' id='line_1_29' title="bbox 81 3211 1172 3291; baseline -0.004 -17"><span class='ocrx_word' id='word_1_239' title='bbox 81 3216 144 3291; x_wconf 79' lang='lat' dir='ltr'><strong>Qui</strong></span> <span class='ocrx_word' id='word_1_240' title='bbox 158 3213 220 3274; x_wconf 88' lang='lat' dir='ltr'><strong>hoc</strong></span> <span class='ocrx_word' id='word_1_241' title='bbox 234 3233 297 3273; x_wconf 88' lang='lat' dir='ltr'><strong>non</strong></span> <span class='ocrx_word' id='word_1_242' title='bbox 315 3213 436 3290; x_wconf 86' lang='lat' dir='ltr'><strong>fecerit,</strong></span> <span class='ocrx_word' id='word_1_243' title='bbox 457 3213 541 3274; x_wconf 86' lang='lat' dir='ltr'><strong>huno</strong></span> <span class='ocrx_word' id='word_1_244' title='bbox 554 3214 779 3278; x_wconf 80' lang='lat' dir='ltr'><strong>interfecerunt.</strong></span> <span class='ocrx_word' id='word_1_245' title='bbox 823 3213 966 3274; x_wconf 86' lang='lat' dir='ltr'><strong>Cuatodce</strong></span> <span class='ocrx_word' id='word_1_246' title='bbox 981 3211 1082 3290; x_wconf 82' lang='lat' dir='ltr'><strong>itaque</strong></span> <span class='ocrx_word' id='word_1_247' title='bbox 1097 3229 1172 3291; x_wconf 82' lang='lat' dir='ltr'><strong>pro-</strong></span> 
     </span>
     <span class='ocr_line' id='line_1_30' title="bbox 83 3309 1171 3398; baseline -0.006 -18"><span class='ocrx_word' id='word_1_248' title='bbox 83 3319 272 3380; x_wconf 81' lang='lat' dir='ltr'><strong>clnmnnmtt·</strong></span> <span class='ocrx_word' id='word_1_249' title='bbox 285 3315 429 3395; x_wconf 81' lang='lat' dir='ltr'><strong>„lingum</strong></span> <span class='ocrx_word' id='word_1_250' title='bbox 441 3324 486 3376; x_wconf 85' lang='lat' dir='ltr'><strong>eat</strong></span> <span class='ocrx_word' id='word_1_251' title='bbox 494 3317 572 3378; x_wconf 81' lang='lat' dir='ltr'><strong>Deua</strong></span> <span class='ocrx_word' id='word_1_252' title='bbox 584 3338 680 3398; x_wconf 85' lang='lat' dir='ltr'><strong>neque</strong></span> <span class='ocrx_word' id='word_1_253' title='bbox 693 3318 772 3377; x_wconf 86' lang='lat' dir='ltr'><strong>Deua</strong></span> <span class='ocrx_word' id='word_1_254' title='bbox 785 3323 831 3375; x_wconf 84' lang='lat' dir='ltr'><strong>eat</strong></span> <span class='ocrx_word' id='word_1_255' title='bbox 843 3323 960 3396; x_wconf 85' lang='lat' dir='ltr'><strong>praeter</strong></span> <span class='ocrx_word' id='word_1_256' title='bbox 976 3309 1077 3375; x_wconf 85' lang='lat' dir='ltr'><strong>eum.”</strong></span> <span class='ocrx_word' id='word_1_257' title='bbox 1105 3311 1171 3388; x_wconf 80' lang='lat' dir='ltr'><strong>Qua</strong></span> 
     </span>
     <span class='ocr_line' id='line_1_31' title="bbox 82 3418 1171 3501; baseline -0.007 -19"><span class='ocrx_word' id='word_1_258' title='bbox 82 3419 205 3501; x_wconf 83' lang='lat' dir='ltr'><strong>quidem</strong></span> <span class='ocrx_word' id='word_1_259' title='bbox 215 3437 252 3481; x_wconf 84' lang='lat' dir='ltr'><strong>re</strong></span> <span class='ocrx_word' id='word_1_260' title='bbox 268 3418 406 3500; x_wconf 86' lang='lat' dir='ltr'><strong>impediti</strong></span> <span class='ocrx_word' id='word_1_261' title='bbox 420 3427 491 3480; x_wconf 85' lang='lat' dir='ltr'><strong>aunt</strong></span> <span class='ocrx_word' id='word_1_262' title='bbox 503 3418 627 3497; x_wconf 83' lang='lat' dir='ltr'><strong>incolae,</strong></span> <span class='ocrx_word' id='word_1_263' title='bbox 648 3437 707 3500; x_wconf 83' lang='lat' dir='ltr'><strong>quo</strong></span> <span class='ocrx_word' id='word_1_264' title='bbox 720 3418 818 3478; x_wconf 85' lang='lat' dir='ltr'><strong>minue</strong></span> <span class='ocrx_word' id='word_1_265' title='bbox 831 3435 937 3477; x_wconf 69' lang='lat' dir='ltr'><strong>vuum</strong></span> <span class='ocrx_word' id='word_1_266' title='bbox 945 3435 1047 3477; x_wconf 82' lang='lat' dir='ltr'><strong>rerum</strong></span> <span class='ocrx_word' id='word_1_267' title='bbox 1059 3423 1171 3475; x_wconf 84' lang='lat' dir='ltr'><strong>etatum</strong></span> 
     </span>
     <span class='ocr_line' id='line_1_32' title="bbox 81 3515 1171 3600; baseline -0.01 -16"><span class='ocrx_word' id='word_1_268' title='bbox 81 3523 360 3596; x_wconf 80' lang='lat' dir='ltr'><strong>animadverterent,</strong></span> <span class='ocrx_word' id='word_1_269' title='bbox 375 3520 471 3580; x_wconf 88' lang='lat' dir='ltr'><strong>denec</strong></span> <span class='ocrx_word' id='word_1_270' title='bbox 483 3521 609 3582; x_wconf 86' lang='lat' dir='ltr'><strong>llcmani</strong></span> <span class='ocrx_word' id='word_1_271' title='bbox 620 3521 758 3582; x_wconf 87' lang='lat' dir='ltr'><strong>omnibue</strong></span> <span class='ocrx_word' id='word_1_272' title='bbox 769 3517 901 3581; x_wconf 87' lang='lat' dir='ltr'><strong>turribne</strong></span> <span class='ocrx_word' id='word_1_273' title='bbox 913 3517 1002 3600; x_wconf 83' lang='lat' dir='ltr'><strong>potiti</strong></span> <span class='ocrx_word' id='word_1_274' title='bbox 1015 3515 1128 3576; x_wconf 86' lang='lat' dir='ltr'><strong>luerint</strong></span> <span class='ocrx_word' id='word_1_275' title='bbox 1140 3523 1171 3573; x_wconf 85' lang='lat' dir='ltr'><strong>et</strong></span> 
     </span>
     <span class='ocr_line' id='line_1_33' title="bbox 81 3615 1171 3703; baseline -0.007 -19"><span class='ocrx_word' id='word_1_276' title='bbox 81 3643 184 3685; x_wconf 88' lang='lat' dir='ltr'><strong>omnea</strong></span> <span class='ocrx_word' id='word_1_277' title='bbox 199 3643 260 3685; x_wconf 91' lang='lat' dir='ltr'><strong>una</strong></span> <span class='ocrx_word' id='word_1_278' title='bbox 277 3625 438 3686; x_wconf 83' lang='lat' dir='ltr'><strong>clamorem</strong></span> <span class='ocrx_word' id='word_1_279' title='bbox 457 3622 614 3684; x_wconf 81' lang='lat' dir='ltr'><strong>ediderint.</strong></span> <span class='ocrx_word' id='word_1_280' title='bbox 657 3624 784 3697; x_wconf 86' lang='lat' dir='ltr'><strong>Omnee,</strong></span> <span class='ocrx_word' id='word_1_281' title='bbox 805 3622 859 3703; x_wconf 85' lang='lat' dir='ltr'><strong>qui</strong></span> <span class='ocrx_word' id='word_1_282' title='bbox 879 3621 918 3684; x_wconf 89' lang='lat' dir='ltr'><strong>ed</strong></span> <span class='ocrx_word' id='word_1_283' title='bbox 936 3629 1052 3702; x_wconf 86' lang='lat' dir='ltr'><strong>portam</strong></span> <span class='ocrx_word' id='word_1_284' title='bbox 1064 3615 1171 3698; x_wconf 76' lang='lat' dir='ltr'><strong>Aldje·</strong></span> 
     </span>
     <span class='ocr_line' id='line_1_34' title="bbox 79 3721 1170 3811; baseline -0.008 -24"><span class='ocrx_word' id='word_1_285' title='bbox 79 3747 140 3787; x_wconf 87' lang='lat' dir='ltr'><strong>nan</strong></span> <span class='ocrx_word' id='word_1_286' title='bbox 156 3721 303 3811; x_wconf 85' lang='lat' dir='ltr'><strong>(hortum)</strong></span> <span class='ocrx_word' id='word_1_287' title='bbox 325 3725 436 3785; x_wconf 87' lang='lat' dir='ltr'><strong>dictam</strong></span> <span class='ocrx_word' id='word_1_288' title='bbox 449 3725 607 3806; x_wconf 63' lang='lat' dir='ltr'><strong>punenire</strong></span> <span class='ocrx_word' id='word_1_289' title='bbox 626 3727 845 3806; x_wconf 80' lang='lat' dir='ltr'><strong>properabant,</strong></span> <span class='ocrx_word' id='word_1_290' title='bbox 868 3724 981 3805; x_wconf 84' lang='lat' dir='ltr'><strong>captivi</strong></span> <span class='ocrx_word' id='word_1_291' title='bbox 1004 3722 1076 3782; x_wconf 87' lang='lat' dir='ltr'><strong>lacti</strong></span> <span class='ocrx_word' id='word_1_292' title='bbox 1090 3726 1170 3781; x_wconf 84' lang='lat' dir='ltr'><strong>eunt.</strong></span> 
     </span>
     <span class='ocr_line' id='line_1_35' title="bbox 80 3826 1170 3908; baseline -0.004 -20"><span class='ocrx_word' id='word_1_293' title='bbox 80 3829 207 3890; x_wconf 67' lang='lat' dir='ltr'><strong>satan</strong></span> <span class='ocrx_word' id='word_1_294' title='bbox 223 3837 339 3902; x_wconf 84' lang='lat' dir='ltr'><strong>autun,</strong></span> <span class='ocrx_word' id='word_1_295' title='bbox 361 3845 437 3904; x_wconf 84' lang='lat' dir='ltr'><strong>qnae</strong></span> <span class='ocrx_word' id='word_1_296' title='bbox 458 3826 498 3886; x_wconf 89' lang='lat' dir='ltr'><strong>ad</strong></span> <span class='ocrx_word' id='word_1_297' title='bbox 517 3835 636 3908; x_wconf 76' lang='lat' dir='ltr'><strong>poetam</strong></span> <span class='ocrx_word' id='word_1_298' title='bbox 654 3828 744 3889; x_wconf 85' lang='lat' dir='ltr'><strong>maria</strong></span> <span class='ocrx_word' id='word_1_299' title='bbox 762 3847 794 3888; x_wconf 86' lang='lat' dir='ltr'><strong>ae</strong></span> <span class='ocrx_word' id='word_1_300' title='bbox 814 3833 1058 3907; x_wconf 75' lang='lat' dir='ltr'><strong>congregaverat,</strong></span> <span class='ocrx_word' id='word_1_301' title='bbox 1084 3841 1170 3904; x_wconf 85' lang='lat' dir='ltr'><strong>repa·</strong></span> 
     </span>
     <span class='ocr_line' id='line_1_36' title="bbox 79 3917 804 4009; baseline 0 -18"><span class='ocrx_word' id='word_1_302' title='bbox 79 3931 149 4009; x_wconf 66' lang='lat' dir='ltr'><strong>gula</strong></span> <span class='ocrx_word' id='word_1_303' title='bbox 159 3930 290 3991; x_wconf 83' lang='lat' dir='ltr'><strong>removit</strong></span> <span class='ocrx_word' id='word_1_304' title='bbox 304 3937 335 3988; x_wconf 85' lang='lat' dir='ltr'><strong>et</strong></span> <span class='ocrx_word' id='word_1_305' title='bbox 348 3925 408 3988; x_wconf 88' lang='lat' dir='ltr'><strong>hoc</strong></span> <span class='ocrx_word' id='word_1_306' title='bbox 424 3927 514 3989; x_wconf 88' lang='lat' dir='ltr'><strong>modo</strong></span> <span class='ocrx_word' id='word_1_307' title='bbox 526 3917 685 3990; x_wconf 83' lang='lat' dir='ltr'><strong>incolumia</strong></span> <span class='ocrx_word' id='word_1_308' title='bbox 700 3929 804 3991; x_wconf 79' lang='lat' dir='ltr'><strong>evaait.</strong></span> 
     </span>
    </p>

    <p class='ocr_par' dir='ltr' id='par_1_3' title="bbox 81 4021 1171 4216">
     <span class='ocr_line' id='line_1_37' title="bbox 163 4021 1170 4094; baseline -0.011 -2"><span class='ocrx_word' id='word_1_309' title='bbox 163 4031 291 4092; x_wconf 80' lang='lat' dir='ltr'><strong>Romani</strong></span> <span class='ocrx_word' id='word_1_310' title='bbox 305 4029 341 4091; x_wconf 89' lang='lat' dir='ltr'><strong>in</strong></span> <span class='ocrx_word' id='word_1_311' title='bbox 353 4040 455 4094; x_wconf 86' lang='lat' dir='ltr'><strong>monte</strong></span> <span class='ocrx_word' id='word_1_312' title='bbox 467 4031 550 4092; x_wconf 87' lang='lat' dir='ltr'><strong>nrbie</strong></span> <span class='ocrx_word' id='word_1_313' title='bbox 565 4051 663 4092; x_wconf 81' lang='lat' dir='ltr'><strong>urcem</strong></span> <span class='ocrx_word' id='word_1_314' title='bbox 677 4037 893 4092; x_wconf 70' lang='lat' dir='ltr'><strong>monuerunt</strong></span> <span class='ocrx_word' id='word_1_315' title='bbox 905 4038 934 4090; x_wconf 81' lang='lat' dir='ltr'><strong>et</strong></span> <span class='ocrx_word' id='word_1_316' title='bbox 946 4024 1110 4090; x_wconf 84' lang='lat' dir='ltr'><strong>maximnm</strong></span> <span class='ocrx_word' id='word_1_317' title='bbox 1123 4021 1170 4081; x_wconf 86' lang='lat' dir='ltr'><strong>fa-</strong></span> 
     </span>
     <span class='ocr_line' id='line_1_38' title="bbox 81 4122 1171 4216; baseline -0.005 -23"><span class='ocrx_word' id='word_1_318' title='bbox 81 4149 153 4194; x_wconf 83' lang='lat' dir='ltr'><strong>num</strong></span> <span class='ocrx_word' id='word_1_319' title='bbox 178 4133 256 4194; x_wconf 83' lang='lat' dir='ltr'><strong>anile</strong></span> <span class='ocrx_word' id='word_1_320' title='bbox 272 4134 427 4214; x_wconf 71' lang='lat' dir='ltr'><strong>neuma,</strong></span> <span class='ocrx_word' id='word_1_321' title='bbox 448 4132 575 4216; x_wconf 83' lang='lat' dir='ltr'><strong>poathac</strong></span> <span class='ocrx_word' id='word_1_322' title='bbox 585 4143 685 4195; x_wconf 86' lang='lat' dir='ltr'><strong>tamen</strong></span> <span class='ocrx_word' id='word_1_323' title='bbox 695 4131 862 4216; x_wconf 82' lang='lat' dir='ltr'><strong>patriarcha</strong></span> <span class='ocrx_word' id='word_1_324' title='bbox 876 4151 912 4194; x_wconf 90' lang='lat' dir='ltr'><strong>eo</strong></span> <span class='ocrx_word' id='word_1_325' title='bbox 925 4133 994 4194; x_wconf 89' lang='lat' dir='ltr'><strong>loco</strong></span> <span class='ocrx_word' id='word_1_326' title='bbox 1012 4145 1068 4208; x_wconf 87' lang='lat' dir='ltr'><strong>pro</strong></span> <span class='ocrx_word' id='word_1_327' title='bbox 1082 4122 1171 4184; x_wconf 83' lang='lat' dir='ltr'><strong>horto</strong></span> 
     </span>
    </p>
   </div>
   <div class='ocr_carea' id='block_1_3' title="bbox 114 4273 1164 4428">
    <p class='ocr_par' dir='ltr' id='par_1_4' title="bbox 114 4273 1164 4428">
     <span class='ocr_line' id='line_1_39' title="bbox 114 4273 1164 4359; baseline -0.023 -6"><span class='ocrx_word' id='word_1_328' title='bbox 114 4282 141 4352; x_wconf 81' lang='lat'><strong>⁸)</strong></span> <span class='ocrx_word' id='word_1_329' title='bbox 157 4283 201 4339; x_wconf 74' lang='lat' dir='ltr'><strong>Ex</strong></span> <span class='ocrx_word' id='word_1_330' title='bbox 217 4283 339 4340; x_wconf 83' lang='lat' dir='ltr'><strong>hocloco</strong></span> <span class='ocrx_word' id='word_1_331' title='bbox 352 4288 461 4357; x_wconf 77' lang='lat' dir='ltr'><strong>apparet</strong></span> <span class='ocrx_word' id='word_1_332' title='bbox 478 4283 599 4341; x_wconf 77' lang='lat' dir='ltr'><strong>mendose</strong></span> <span class='ocrx_word' id='word_1_333' title='bbox 616 4301 709 4342; x_wconf 77' lang='lat' dir='ltr'><strong>mmm</strong></span> <span class='ocrx_word' id='word_1_334' title='bbox 729 4284 853 4359; x_wconf 78' lang='lat' dir='ltr'><strong>eetiptun</strong></span> <span class='ocrx_word' id='word_1_335' title='bbox 869 4298 927 4338; x_wconf 81' lang='lat' dir='ltr'><strong>cue</strong></span> <span class='ocrx_word' id='word_1_336' title='bbox 938 4295 982 4354; x_wconf 74' lang='lat' dir='ltr'><strong>ap.</strong></span> <span class='ocrx_word' id='word_1_337' title='bbox 997 4273 1164 4349; x_wconf 61' lang='lat' dir='ltr'><strong>tenplum</strong></span> 
     </span>
     <span class='ocr_line' id='line_1_40' title="bbox 148 4353 566 4428; baseline -0.012 -13"><span class='ocrx_word' id='word_1_338' title='bbox 148 4369 176 4426; x_wconf 78' lang='grc' dir='ltr'><strong>ι».</strong></span> <span class='ocrx_word' id='word_1_339' title='bbox 186 4353 255 4423; x_wconf 85' lang='lat' dir='ltr'><strong>ace,</strong></span> <span class='ocrx_word' id='word_1_340' title='bbox 271 4355 400 4416; x_wconf 71' lang='lat' dir='ltr'><strong>uernae</strong></span> <span class='ocrx_word' id='word_1_341' title='bbox 413 4355 519 4428; x_wconf 61' lang='lat' dir='ltr'><strong>reete.</strong></span> <span class='ocrx_word' id='word_1_342' title='bbox 536 4353 566 4411; x_wconf 83' lang='lat' dir='ltr'><strong>a.</strong></span> 
     </span>
    </p>
   </div>
   <div class='ocr_carea' id='block_1_4' title="bbox 0 0 1398 4620">
    <p class='ocr_par' dir='ltr' id='par_1_5' title="bbox 0 0 1398 4620">
     <span class='ocr_line' id='line_1_41' title="bbox 0 0 1398 4620; baseline 0 2"><span class='ocrx_word' id='word_1_343' title='bbox 0 0 1398 4620; x_wconf 95' lang='lat' dir='ltr'><strong> </strong></span> 
     </span>
    </p>
   </div>
  </div>
 </body>
</html>
