2788 4616
149 263 151 268 ⁵
246 387 248 392 ,
307 317 353 386 sn
373 312 528 385 mons
546 311 728 382 ancon
748 311 825 380 ns.
845 307 933 382 v111.
1095 302 1171 378 sss

70 478 182 540 desum
196 475 229 537 in
244 485 483 538 astronomorum
505 482 559 533 ant
574 481 654 534 certe
668 473 886 550 astrologorum
900 471 1048 534 formulis.
1089 471 1173 536 Pau·

69 565 126 625 lus
152 563 314 624 Alexandr.
339 563 375 622 ln
398 561 567 642 apotelesm.
586 560 638 624 42.
661 557 694 617 A.
719 558 770 623 54.
791 558 824 616 Β.
847 557 971 616 Pro'clus
984 556 1124 637 Paraphr.
1139 558 1173 618 in

69 649 201 710 Ptolem.
225 655 296 714 202.
324 647 359 707 Δ.
380 644 561 726 Hephaestio
589 641 719 702 Theben.
750 642 864 705 Decret.
887 643 1200 710 err.ste]l.=21.B.B

69 735 201 795 Procius
223 731 355 814 Sphaora
370 733 421 797 52.
437 731 472 790 A.

163 837 242 900 leid.
264 841 318 897 lin.
340 837 390 903 24.
413 831 623 918 Πλίοκουβυυ]
645 833 688 894 De
710 832 847 894 Pliaeuba
869 854 893 893 s.
914 831 1068 910 Pliscobs,
1091 833 1174 894 flla-
1364 899 1367 912 Ι

71 919 184 1012 σκόβοι,
207 923 278 984 vide
293 925 421 999 Ducang.
436 921 473 979 sd
485 919 618 980 Alexiad.
632 921 707 978 Anu.
725 919 828 979 Cornu.
839 922 912 985 829.
930 921 966 981 A·

163 1034 242 1109 Pag.
266 1031 336 1096 189.
358 1028 413 1088 lin.
434 1034 462 1100 2,.
484 1029 544 1090 τοῖν
557 1029 691 1088 Σκυθῶν
704 1019 922 1106 depulsionem]
943 1025 1073 1086 Verbum
1090 1015 1174 1104 ἆφη·

72 1107 171 1189 venitm
186 1117 245 1173 Leo
269 1134 336 1173 cum
350 1112 477 1189 genitivo
502 1110 648 1171 construit
669 1109 719 1168 hic
739 1119 769 1168 et
783 1111 871 1190 paulo
884 1110 1008 1172 iuferius
1025 1111 1059 1172 D.
1074 1107 1127 1169 lin.
1144 1105 1173 1173 5.
1188 1178 1190 1184 y

30 1241 33 1248 ⁴
73 1200 150 1258 item
174 1200 224 1264 48.
244 1199 275 1262 C.
319 1198 379 1266 Alii
394 1198 456 1256 aine
477 1217 548 1256 casu
568 1205 732 1274 usurpant,
761 1205 794 1254 ut
812 1193 913 1270 Philo,
945 1199 996 1275 qui
1015 1193 1175 1252 admodum

76 1305 122 1344 eo.
138 1284 316 1360 delectatur,
340 1284 381 1341 De
397 1281 502 1340 muudi
516 1280 588 1360 opif.
606 1283 654 1345 15.
669 1279 704 1337 A.
719 1277 849 1356 Allegor.
866 1279 939 1356 legg.
953 1283 1003 1345 41.
1025 1279 1058 1340 Β.
1073 1279 1123 1343 44.
1140 1277 1172 1339 C.

76 1367 132 1436 64.
143 1369 176 1426 F.
197 1369 248 1434 74.
262 1369 298 1428 A.
314 1371 364 1436 78.
379 1369 409 1429 C.
434 1370 476 1425 De
492 1365 589 1426 sacrif.
603 1363 686 1423 Abel.
704 1373 732 1420 et
745 1363 826 1421 Cain.
844 1365 911 1428 115.
926 1367 956 1422 D.
978 1366 1017 1420 De
1032 1363 1170 1440 agricult.

79 1455 153 1518 149.
166 1453 194 1516 F.
212 1455 281 1518 154.
291 1455 323 1512 D.
340 1455 382 1512 De
396 1451 549 1510 temulent.
568 1453 638 1516 188.
653 1449 686 1506 F.
701 1445 916 1506 DeAbrahemo
931 1453 1000 1513 296.
1011 1448 1048 1508 G.
1064 1447 1104 1505 De
1118 1445 1172 1504 mi-

75 1547 155 1616 grat.
169 1537 277 1600 Abruh.
292 1541 364 1604 311.
382 1539 413 1596 C.
432 1538 474 1596 De
487 1537 549 1597 vita
563 1535 636 1594 Mos.
656 1533 727 1598 477.
745 1533 780 1594 G.
796 1534 866 1598 487.
881 1532 913 1589 A·
930 1533 1000 1598 525·
1017 1533 1051 1592 A.
1068 1533 1111 1590 De
1124 1529 1174 1588 vi·
1231 1601 1234 1608 Ι

78 1623 187 1682 elimas
210 1622 344 1684 offerent.
368 1623 438 1689 665.
456 1623 486 1680 C.
531 1619 617 1694 Quod
636 1619 732 1677 omnis
751 1620 860 1696 probus
875 1615 949 1676 liber
961 1618 1033 1682 674.
1047 1615 1080 1678 Ε.
1099 1618 1172 1680 681.

76 1707 114 1768 Ε.
139 1707 173 1766 In
196 1709 295 1768 Floro.
318 1709 389 1794 748.
410 1709 444 1766 Β.
462 1705 532 1773 749.
548 1708 581 1765 D.
599 1709 668 1772 767.
681 1703 714 1763 Β.
732 1705 761 1762 S.
780 1703 913 1762 Clemens
929 1701 1089 1762 Alexandr.
1110 1698 1173 1757 Ad·

76 1794 185 1852 mouil.
198 1793 235 1852 ad
255 1803 333 1870 gent.
349 1795 399 1860 57.
419 1792 449 1853 C.
465 1795 616 1852 Stromett.
632 1792 704 1856 383.
722 1788 757 1848 A.
775 1790 846 1856 412.
863 1791 895 1846 A.
912 1788 983 1854 471.
1000 1789 1032 1846 Β.
1050 1785 1121 1853 705·
1138 1783 1172 1843 B·

75 1881 151 1944 730.
175 1879 206 1939 C.
228 1881 300 1945 747.
327 1881 360 1940 A.
405 1877 462 1936 Alii
483 1884 661 1936 construunt
683 1893 750 1931 cum
773 1874 891 1950 dativo,
907 1881 943 1932 ut
957 1872 1098 1933 Eusebius
1113 1871 1173 1928 De-

73 1973 204 2026 monstr.
226 1965 340 2039 Evung.
363 1963 435 2027 835.
462 1963 494 2019 D.
520 1961 569 2018 alii
590 1954 893 2037 cum‘praepositione
913 1954 1010 2038 παρὰ,
1033 1965 1173 2037 sequente

76 2058 212 2108 accusat.
225 2048 354 2106 soluts.
372 2045 504 2103 Clemens
520 2045 605 2102 Alex.
619 2043 775 2119 Psedagog.
793 2045 862 2108 115.
879 2043 913 2102 A.
931 2039 1003 2116 τούς
1019 2039 1101 2121 πυροὶ
1115 2037 1200 2104 eisc

76 2127 178 2210 νόμον
197 2125 442 2210 destillantes.
472 2129 562 2207 Apud
576 2131 605 2186 S.
622 2125 759 2185 Antioch.
776 2127 816 2185 De
830 2127 966 2204 superbia
978 2127 1013 2190 ΙΙ.
1034 2130 1123 2192 1098.
1138 2126 1173 2186 D.

76 2214 182 2274 inveni
204 2235 272 2273 cum
295 2214 465 2273 accusativo
489 2214 568 2288 solo,
591 2211 702 2290 absque
723 2211 956 2289 praepositione,
979 2213 1174 2288 quodrarusn
1272 2245 1275 2252 ,
1353 2210 1357 2218 “

78 2309 137 2374 est,
158 2295 224 2362 ὅσοι
241 2293 285 2360 δι’
297 2297 509 2380 dampnosius
520 2291 718 2377 donastitarum
734 2289 783 2356 τὸν
798 2287 940 2372 oidelardus.
982 2297 1061 2353 Sunt
1075 2303 1175 2352 tamen

78 2405 199 2464 quoque
224 2383 358 2464 exempla
379 2383 610 2442 constructionis
633 2401 700 2440 cum
725 2377 874 2456 genitivo:
904 2377 988 2437 Philo
1011 2380 1053 2437 De
1074 2377 1173 2441 sacrif.

77 2471 165 2530 Abel·
177 2477 206 2528 el
222 2470 304 2529 Cain·
323 2471 392 2535 115.
411 2469 441 2529 G.
458 2462 503 2547 ἆφ
527 2461 651 2542 viduas,
673 2461 771 2547 ὥσπερ
787 2457 948 2543 βουκόλου,
970 2467 1026 2526 τοῦ
1037 2467 1104 2526 νοῦ.
1131 2463 1174 2522 Do

77 2556 144 2614 sits
158 2555 231 2613 Mos.
248 2553 316 2622 512.
331 2555 366 2612 A.
383 2546 490 2633 α’ρετῆς
504 2546 746 2632 υφηυιάοοινυυς·
766 2549 923 2630 mtdtoque
934 2548 1023 2630 plura
1036 2548 1069 2608 in
1081 2547 1172 2610 verbo

80 2633 233 2720 οἷφηυιοὶοο,
255 2641 363 2719 dequo
376 2639 472 2698 dicam
484 2639 545 2698 alio
560 2639 640 2700 loco.

166 2763 244 2826 Ibid.
267 2767 319 2824 lin.
341 2771 371 2833 9.
391 2762 486 2828 πολλοέ
502 2759 791 2848 γυωσιμυχήσυςκυὶ
805 2761 1033 2850 ἆυυσκοπήσος]
1055 2767 1172 2848 Opinon
1213 2803 1217 2812 ·

79 2855 279 2935 γνωσιμυχεῖν
295 2851 375 2931 opud
389 2851 515 2909 Leonem
528 2869 597 2926 esse,
619 2852 750 2912 consilia
762 2876 896 2913 versare:
918 2875 976 2933 quo
987 2854 1090 2912 eodem
1104 2873 1172 2913 sen·

79 2957 117 2996 su
144 2937 186 2995 ait
211 2943 259 3003 19.
282 2937 314 2995 B.
335 2931 544 3017 γὐωματεύσας
569 2933 621 2996 καὶ
642 2935 895 3020 βουλευσάμενος·
917 2949 945 2998 et
958 2945 1010 3004 77.
1027 2938 1060 3000 Β.
1076 2933 1196 3000 nolld'

78 3014 291 3106 ysmpstsssioag
310 3021 360 3084 sei
382 3016 583 3102 λογισάμενος.
626 3019 700 3079 Item
724 3029 774 3089 11.
795 3025 828 3084 Β.
850 3018 1172 3108 γυωσιμυχήσυυοικοῑ

55 3105 317 3190 ,βουλευσαμένῳ
366 3107 432 3179 Qua
463 3105 677 3183 significatione
695 3104 783 3187 'apud
812 3118 928 3167 veteres
960 3107 1081 3166 omnino
1108 3127 1173 3166 non

80 3193 246 3272 (quantum
270 3187 351 3272 vidi)
371 3191 539 3266 invenitur,
559 3188 638 3269 spdd
658 3193 837 3252 recentiores
858 3193 1018 3250 admodum
1036 3211 1119 3252 raro:
1142 3193 1173 3252 S.

83 3277 232 3357 Ephraem
242 3275 284 3334 De
298 3285 468 3356 componet.
489 3265 527 3333 lll
541 3277 609 3340 182.
627 3276 657 3338 G.
673 3281 930 3358 γνωσιμυχοῦντες
940 3265 1000 3338 ὀὖν
1015 3269 1106 3359 εὖρον
1117 3273 1172 3340 eds·

79 3360 197 3439 τρόπον.
239 3361 353 3420 Auctor
368 3361 447 3421 vilae
462 3361 492 3419 S.
506 3360 566 3420 Nili
578 3360 641 3419 iun.
657 3366 707 3427 92.
726 3362 756 3420 G.
771 3361 803 3424 ἐν
818 3356 935 3434 τούτοις
950 3365 1172 3442 γυωοιμαχοῦυ.

1 3491 2 3534 g
79 3441 130 3518 τός
143 3469 174 3508 τε
187 3443 238 3508 sul
258 3445 518 3527 πουηρευομέυου,
541 3465 611 3502 cum
624 3449 755 3524 agitaret
770 3448 845 3505 haec
855 3447 984 3505 consilia
998 3469 1089 3526 eoque
1101 3459 1197 3514 mse-1)

1 3547 2 3608 j
82 3531 193 3589 liliosa.
235 3531 276 3589 De
298 3529 565 3615 significationibus
587 3531 717 3610 antiquis
732 3533 970 3611 elegantibusque
985 3531 1073 3591 huius
1087 3533 1171 3594 serbi

79 3615 149 3675 vids
158 3616 280 3690 Gregor.
292 3615 423 3677 Corinth.
439 3617 479 3675 Do
492 3615 565 3678 Disl.
579 3618 649 3681 539.
660 3617 694 3676 A.
707 3616 806 3697 ibique
814 3619 948 3696 copiosas
960 3617 1052 3676 Bastii
1061 3615 1171 3676 Schoe-

80 3701 194 3778 sesique
207 3698 266 3758 viri
278 3697 452 3762 immortalis
462 3709 559 3788 'nous
582 3702 805 3762 Substantivum
818 3705 888 3764 inde
901 3702 1065 3762 derivatum
1078 3705 1171 3782 inqua

80 3787 188 3846 Lexica
210 3783 341 3844 nondum
364 3795 516 3866 receptum
529 3791 714 3869 γνωσιμαχίυ
728 3799 773 3848 est
788 3791 869 3871 spud
886 3787 1002 3848 Philon.
1016 3789 1059 3846 De
1073 3807 1169 3850 somn.

81 3873 151 3937 884.
170 3869 204 3932 C.
233 3869 276 3944 εἰς
294 3865 346 3943 τὰς
359 3867 504 3951 ἓριοουιοές
523 3876 737 3956 permanes,
758 3876 808 3954 uhi
824 3875 924 3955 inepte
937 3873 1067 3933 vertitur
1081 3894 1098 3930 a
1112 3873 1170 3930 Ge-

80 3957 173 4032 lenio,
197 3957 230 4013 in
250 3959 449 4014 contentiosas
468 3959 698 4036 resipiscentiae.
742 3961 795 4019 Est
812 3961 889 4019 enim
912 3958 990 4017 idem
1006 3957 1087 4036 quod
1104 3962 1171 4030 ταῖς

1 4063 2 4072 ’
81 4039 236 4120 ἐριστικοῖς
260 4037 455 4119 φιλοοείκίυις
475 4043 552 4120 apud
577 4046 703 4104 eundem
719 4043 872 4104 Philonem
887 4045 959 4110 885.
982 4044 1016 4103 D.
1041 4042 1170 4118 ideoque

81 4125 264 4184 reddendum
293 4124 339 4184 ad
363 4128 561 4184 eontmtionss
576 4133 766 4208 pervicaces,
795 4141 830 4190 ut
850 4138 934 4189 recte
951 4127 1094 4206 expressit
1113 4124 1169 4188 Th.

81 4207 203 4288 Mengey
216 4209 261 4268 ed.
283 4211 442 4270 novissima
463 4213 487 4272 1.
503 4215 574 4277 698.
585 4216 635 4280 43.
676 4217 749 4273 Nom
764 4214 842 4294 apud
856 4213 1010 4273 Philonem
1020 4227 1169 4294 γνωσιμυ·

1 4369 2 4372 ¹
36 4344 41 4354 ,
80 4300 140 4374 zris
158 4295 238 4360 velet
250 4295 439 4374 contendere,
462 4295 627 4365 dissentire.
670 4299 883 4360 DeAb‘rshsm.
898 4303 970 4366 297.
983 4297 1018 4360 Β.
1033 4297 1078 4358 De
1091 4315 1166 4358 eon·
