2802 4624
359 319 404 390 ΙΝ
422 317 665 391 THEODOSII
685 319 916 394 ACROASES.
1104 313 1179 390 529

89 477 197 557 fuisse,
219 476 289 557 qnia
303 474 453 538 Hannibal
479 497 548 536 cnm
566 476 700 538 exercitu
720 475 790 540 eatis
804 498 910 560 magno
922 482 1044 544 Romam
1060 505 1180 566 aggres-

87 585 175 624 surus
197 561 229 622 in
250 563 334 625 ltalia
349 563 598 624 commorabatur.

173 652 202 713 8.
224 650 274 721 Τίς
285 639 326 728 ἦν
340 644 356 710 ὅ
372 641 501 726 Σύλλας]
524 645 715 706 Obsidionem
735 645 846 727 aSylla
862 645 986 709 Athenis
999 651 1178 736 impositam,

88 731 165 816 ἔργῳ
179 729 234 812 μὲν
249 725 287 794 ου’
300 726 449 814 μεγάλην,
470 728 554 815 τῇδὲ
570 725 638 814 δόξῃ
657 727 883 814 λαμπροτάτην,
897 736 988 810 facto
1000 759 1073 797 sane
1091 739 1182 802 traua

80 837 251 896 ¹rrectgrnam,
281 813 335 874 sect
357 816 462 895 gloria
484 817 697 892 clarissimam,
719 818 850 897 appellat
870 820 1046 882 Plutarchus
1064 824 1098 883 in
1115 826 1180 885 vita

82 903 188 980 Syllae
202 923 233 981 p.
250 905 321 966 102.
336 899 529 960 Atheniensea
547 901 623 960 enim
639 921 672 960 eo
687 910 828 982 tempore,
851 912 886 960 ut
899 903 1035 967 observat
1049 909 1180 972 Velleius

80 985 200 1052 Histoe.
217 986 302 1042 [loen.
319 985 371 1047 lib.
388 984 425 1044 ll.
441 1005 507 1064 cap.
522 985 580 1063 25,
603 989 736 1065 oppressi
749 987 944 1046 Mithridatis
956 996 1060 1070 armis,
1079 993 1183 1052 homi-

86 1091 142 1130 nes
165 1071 350 1128 miserrimae
372 1066 570 1147 conditionis,
592 1091 661 1128 earn
675 1071 713 1130 ab
727 1074 860 1130 inimicia
880 1085 1061 1153 tenerentur,
1082 1097 1182 1158 oppu-

84 1155 266 1234 gnabantur
281 1155 319 1213 ab
336 1157 460 1230 amieia,·
483 1167 510 1212 et
524 1159 643 1214 aesimon
655 1168 740 1214 entra
751 1161 877 1228 moenia,
898 1180 1033 1238 corpora,
1054 1167 1182 1224 necessi-

88 1241 152 1296 tati
169 1242 341 1317 servientes,
362 1243 446 1298 intra
467 1261 571 1298 maereo
591 1239 753 1304 trabebant.
795 1243 949 1302 Praeterea
969 1266 1028 1324 quo
1048 1256 1182 1330 tempore

86 1323 219 1384 Athenas
240 1325 321 1403 sylla
340 1323 509 1400 obsidebat,
531 1345 670 1402 magnum
692 1344 762 1384 sane
779 1347 884 1406 passae
902 1337 973 1386 sunt
996 1329 1113 1410 exigue
1130 1335 1181 1394 de.

88 1409 281 1484 trinitatum,
310 1407 346 1468 ab
360 1483 361 1490 μ
375 1409 602 1469 Atheniensibus
632 1409 707 1488 ipsis
737 1407 860 1470 hostiles
889 1410 1041 1474 machinas
1066 1417 1181 1476 confla-

88 1514 174 1574 grare
196 1494 382 1554 studentibus
404 1495 536 1574 primum
559 1495 704 1554 excitata:
732 1494 785 1574 qni
808 1495 914 1556 deinde
937 1497 1034 1576 Syllae
1057 1502 1181 1562 consilio

88 1579 204 1650 saevius
220 1579 308 1640 etiam
329 1580 456 1656 exarsit,
479 1579 550 1638 duna
567 1579 668 1638 Piraeo
686 1575 824 1658 captori
843 1585 965 1643 πλεῖστα
983 1582 1180 1648 κατέκαυσεν·

88 1655 134 1725 oiv
162 1655 203 1744 ἦν
223 1663 274 1725 καλ
299 1667 434 1738 Φίλωνος
455 1659 632 1746 ὁπλοθήκη,
658 1659 889 1744 θαυμαζόμενον
911 1665 1011 1746 ἔργον,
1033 1670 1181 1751 pleraque
1203 1673 1235 1726 P·
1248 1675 1302 1732 377

86 1749 302 1828 inflammavit,
319 1752 352 1807 in
367 1750 476 1828 quibus
492 1751 761 1808 armamentarium
775 1750 925 1824 Philonis,
946 1753 1086 1812 inclitum
1099 1773 1184 1834 opus,
1201 1744 1256 1798 ⁰⁰1
1272 1751 1285 1798 1

77 1835 166 1911 fuit3
197 1835 276 1892 sicut
293 1844 420 1894 testatur
438 1835 630 1914 praelaudato
650 1834 720 1894 loco
741 1834 920 1894 Plutarchus
938 1856 1005 1916 pag.
1019 1839 1070 1906 65.
1114 1839 1183 1901 Huc

84 1919 187 1998 itaque
209 1919 554 1999 respicitlheodosius,
584 1919 656 1978 dum
679 1919 777 1996 Syllae
801 1921 908 1979 virtuti
927 1942 1101 1984 succensere
1118 1934 1181 1985 stu.

86 2001 176 2078 dens,
204 2022 272 2062 euni
290 2003 323 2060 in
344 2002 531 2064 Athenarum
555 2003 776 2084 oppugnatione
802 2003 879 2064 nihil
895 2006 1046 2090 praeclari
1060 2010 1182 2090 gessisse

87 2087 225 2145 affirmat.

173 2175 224 2237 10.
244 2164 351 2232 Baloie
371 2163 429 2232 ἐπ’
444 2164 551 2254 edacia]
579 2170 614 2229 In
630 2170 806 2231 Corneliana
821 2169 950 2232 editione
966 2171 1115 2235 claudicat
1129 2175 1182 2236 hie

1 2323 2 2330 ¹
86 2273 210 2329 versus,
233 2275 320 2332 quem
336 2265 436 2314 tamen
449 2255 537 2315 facile
553 2256 705 2333 restitues,
726 2257 752 2314 si
770 2256 923 2316 nobiscum
936 2257 975 2318 ad
989 2259 1079 2322 fidem
1094 2261 1182 2324 (lodi-

1 2345 2 2416 ᾗ
87 2338 132 2398 cis
145 2339 306 2398 articulum
320 2344 374 2420 τῆς
388 2350 456 2400 ante
470 2361 574 2402 vocem
591 2344 710 2422 σφαγῆς
723 2341 916 2420 suppleveris.

1 2427 2 2480 ζ
175 2426 223 2488 11.
250 2427 301 2498 Τίς
320 2415 361 2502 ἦν
380 2423 396 2489 ὅ
414 2425 542 2506 Καῖσαρ]
573 2426 606 2483 C.
631 2426 741 2485 Iulium
762 2427 913 2486 Caesarem
932 2425 1105 2506 innumera,
1132 2448 1183 2489 ea-
1224 2479 1227 2486 .

1 2579 2 2582 ¹
34 2487 50 2512 *
88 2526 148 2587 que
164 2507 340 2568 difficillima
361 2512 538 2584 certamina,
558 2511 639 2571 felici
656 2511 739 2572 exitu
751 2511 873 2572 subiisse
890 2511 1018 2588 fateture
1039 2513 1091 2574 sed
1106 2514 1183 2574 duce

87 2595 210 2654 fortuna
225 2593 327 2674 potius
336 2642 346 2672 ,
369 2616 455 2674 quam
471 2596 584 2655 virtute
599 2606 712 2662 censet.

174 2682 225 2744 12.
246 2672 416 2760 Ἀφύρτοις]
447 2680 492 2738 lta
512 2679 585 2740 haec
602 2700 664 2741 vox
686 2680 797 2758 legitur
820 2681 853 2740 in
876 2679 999 2758 Codice,
1027 2680 1079 2742 sed
1097 2681 1183 2742 resti-

86 2761 232 2822 tuendum
248 2784 309 2822 esse
322 2765 446 2824 verbum
459 2759 619 2844 indevote,
641 2767 715 2826 bene
734 2767 851 2825 monuit
867 2767 1028 2829 CorneIIus.
1055 2763 1184 2850 [Ἄψυρ-

87 2870 134 2909 τον
154 2847 321 2928 συμπλοκαὶ
340 2869 402 2908 esse
414 2851 556 2910 videntur
576 2852 796 2928 congressiones
810 2853 995 2911 exercituum
1015 2853 1089 2912 beno
1104 2873 1183 2910 com.

86 2931 219 3014 positae,
250 2931 327 2992 nihil
350 2936 582 3014 perturbationis
602 2935 752 2995 hebentes.
781 2929 939 3017 ,α’φύρτως
962 2956 1030 2995 cum
1051 2935 1184 3016 ἐμμελοῖς

88 3017 190 3076 iunxit
205 3017 335 3098 scriptor
350 3019 436 3078 Vitae
452 3020 568 3082 Nicolai
588 3021 720 3084 Demeae.
738 3022 771 3079 in
790 3021 952 3080 Prodmano
975 3022 1052 3100 βιβλ.
1072 3020 1183 3099 itiner·

87 3105 146 3182 κῆς
160 3123 176 3161 α
191 3103 284 3161 Corsi
298 3103 394 3164 editae
409 3127 439 3184 p.
455 3112 526 3172 227.
542 3103 593 3164 ubi
608 3106 704 3166 editor
715 3126 747 3186 p.
762 3109 834 3171 363.
854 3107 1015 3184 σημείωσαι
1030 3097 1063 3166 td
1081 3098 1185 3186 ἆφύρ·

88 3209 146 3259 τας
159 3185 210 3249 tet
225 3193 281 3250 τοῦ
295 3182 474 3268 daug-gaisae,
492 3189 523 3252 ἐν
535 3183 637 3252 ου’ὃενλ
647 3214 707 3253 που
721 3185 847 3270 εὑρεθὲν
859 3184 971 3273 ἢένκῷ
987 3182 1112 3269 παρόντι
1125 3191 1183 3274 βίῳ

91 3265 265 3348 Νικολάου,
288 3269 457 3352 σωζόμενον
473 3273 505 3335 ἐν
523 3279 564 3358 τῷ
577 3273 796 3356 ἒπιῤῥημαακῷ
811 3269 930 3357 devera
942 3276 997 3354 τῆς
1007 3274 1184 3356 συνηθείας,

89 3351 113 3434 ἢ
124 3357 175 3417 καλ
188 3353 220 3418 τὸ
234 3356 374 3420 ἐπίθετον
388 3355 539 3438 ’Ἁφυρτος
556 3354 692 3436 ἐφύλαξε.
709 3359 740 3418 F.
756 3355 791 3438 1.]

175 3443 223 3506 13.
249 3445 300 3515 Τίς
321 3435 361 3522 ἦν
387 3442 511 3523 ἐκεῖνος]
541 3444 658 3502 Reticct
671 3449 762 3524 poita
778 3441 967 3520 Imperatoris
989 3437 1113 3517 nomen,
1145 3439 1182 3501 da

90 3543 150 3603 quo
163 3523 215 3582 hic
228 3525 374 3604 loquitur:
395 3527 519 3590 historie
532 3537 647 3603 tamen,
671 3549 759 3608 quam
777 3525 914 3599 adducit,
938 3527 1030 3603 clare,
1053 3535 1085 3584 ut
1099 3525 1182 3584 arhi-

88 3619 172 3682 tror‚
200 3608 361 3686 Augustum
386 3613 527 3692 designat.
570 3613 689 3674 Celebre
708 3621 752 3672 est
767 3612 871 3672 navale
890 3613 1037 3692 praelium
1059 3609 1094 3669 ab
1113 3611 1183 3670 Au-

89 3703 175 3772 gusto
193 3705 296 3753 contra
313 3699 432 3757 Sextum
447 3697 619 3777 Pompeium
636 3719 729 3778 prope
744 3697 907 3756 Messanam
922 3696 1126 3771 commissum,
1148 3696 1183 3754 in

88 3799 149 3859 quo
167 3778 334 3856 Augustus,
354 3782 447 3842 Dione
461 3793 535 3842 testa
554 3784 605 3842 lib.
619 3779 759 3862 >tuing
780 3785 809 3848 5.
832 3803 896 3862 pag.
911 3782 990 3858 573,
1011 3801 1073 3840 non
1088 3780 1178 3840 modo

88 3865 227 3924 maiorem
241 3885 310 3923 suae
323 3865 422 3926 classis
435 3878 548 3946 partem
562 3869 674 3944 amisit,
697 3869 749 3928 sed
762 3889 868 3947 parum
882 3867 969 3925 etiam
982 3866 1085 3940 abfuit,
1109 3863 1185 3942 quin

1 3967 2 3996 1
88 3951 154 4030 ipse
164 3949 285 4030 periret.
328 3951 374 4009 nd
390 3949 467 4011 hanc
487 3954 599 4014 cladem
613 3954 721 4014 alludit
742 3953 843 4025 etiam,
866 3962 900 4011 ut
917 3951 1052 4027 videtin,
1075 3951 1184 4006 Sueto-

1 4035 2 4082 3
88 4036 156 4094 nius
176 4036 209 4093 in
225 4035 351 4113 Augusti
365 4035 427 4094 vita
450 4058 513 4114 cap.
533 4059 604 4115 xva,
627 4039 712 4098 cuius
734 4037 807 4098 hoec
827 4046 897 4096 sunt
909 4037 1015 4096 verba:
1046 4035 1183 4093 dialecto

1 4173 2 4204 ,
90 4121 123 4176 in
143 4119 282 4179 Siciliane
296 4123 440 4199 exercitu,
463 4143 532 4180 eum
551 4121 596 4181 ad
607 4135 728 4203 partem
743 4123 893 4202 reliquam
912 4124 1070 4199 copiarum
1085 4120 1183 4175 eonti-

1 4283 2 4286 ,
89 4212 203 4261 nerztem
216 4193 368 4285 repetiret,
391 4228 550 4287 oppressus
562 4229 596 4266 ex
614 4210 777 4286 improviso
796 4229 816 4265 a
829 4206 1017 4266 Demochare
1037 4215 1065 4262 et
1084 4201 1183 4281 Apol·

1 4339 2 4349 .
89 4287 218 4368 Iophane
228 4293 394 4372 praefectis
405 4295 556 4372 Pompeii,
580 4315 641 4352 uno
657 4291 777 4352 &mum
789 4294 915 4372 navigio
928 4291 1089 4443 aegerrime
1102 4287 1182 4370 effu-

157 4393 211 4451 λου
226 4395 364 4449 Diaconua.
451 4383 453 4390 ¹
935 4379 955 4442 8
