2786 4620
11 253 57 400 χ
273 283 368 355 ,en
387 281 673 356 muaruonon
692 281 884 360 ruocsn
1060 281 1134 354 seo

42 445 122 508 vilia
142 442 308 524 mancipia,
334 441 498 524 piscatores
520 442 650 521 scilicet,
678 443 879 523 cupediarios,
907 465 1051 530 aucupes,
1071 469 1135 509 no-

1 552 2 612 Ῐ
42 548 133 625 thos,
162 546 310 628 plebeios,
339 567 439 606 servos
459 545 665 645 tantummodo
692 543 843 608 dimisisse.
889 548 1056 629 Numquam
1082 552 1164 614 illel)

42 650 108 710 hoc
121 648 179 707 nisi
195 647 241 706 tui
254 649 439 728 suggestione
452 648 595 709 scriberet
612 648 717 727 Regis:
739 647 920 728 quodquam
938 651 1135 731 periculosum

44 750 193 812 ambobus
214 751 322 827 fuerit,
343 750 403 810 nisi
416 749 611 831 resipuerint,
632 750 769 830 proxima
787 759 920 831 tempora
937 752 1135 820 declarabunt.

45 851 110 911 Sed
125 853 216 934 Papa,
237 852 368 932 inquam,
391 853 579 932 simplicitate
595 851 703 927 clerus,
724 852 762 910 ad
774 852 891 912 laudem
904 851 961 913 hoc
974 853 1135 936 Imperato-

44 952 107 1030 ris,
130 975 193 1014 non
209 954 247 1013 ad
261 955 470 1014 contumeliam
481 953 607 1013 scribere
619 952 748 1032 putavit.
791 954 1016 1015 Constantinum
1029 957 1136 1018 Rorna-

1 1069 2 1076 ’
46 1076 124 1116 num
139 1055 347 1135 Imperatorem
369 1077 436 1116 cum
450 1057 579 1115 Romana
597 1047 704 1112 militia
718 1053 780 1112 buc
792 1056 920 1132 venisse,
941 1078 977 1116 ac
990 1057 1136 1118 civitatem

1 1187 2 1192 1
46 1156 141 1217 istam
158 1177 211 1216 suo
229 1176 266 1216 ex
281 1157 399 1216 nomine
416 1156 583 1217 condidisse
598 1166 678 1216 certo
694 1156 819 1228 scimus;
840 1157 892 1216 sed
909 1157 979 1237 quia
997 1159 1136 1238 linguam,

1 1259 2 1262 ’
47 1279 169 1335 mores,
190 1267 342 1337 vestesque
365 1258 516 1335 mutastis,
537 1258 655 1338 putavit
673 1257 879 1320 sanctissimus
896 1262 976 1340 Pape
991 1260 1034 1320 ita
1050 1261 1135 1322 vobis

49 1359 209 1440 displicere
225 1361 423 1419 Romanorum
436 1379 543 1420 nomeu
551 1407 562 1438 ,
583 1359 662 1418 sicut
678 1368 707 1418 et
724 1367 850 1435 vestem3
878 1359 958 1437 quod
978 1362 1011 1422 in
1028 1363 1135 1424 futuris

48 1462 115 1521 vita
128 1443 234 1520 comite
258 1461 431 1521 ostendetur
445 1461 593 1542 epistolis3
615 1479 739 1539 quorum
753 1461 964 1540 superscriptio
978 1462 1050 1524 haee
1065 1466 1135 1526 erit:

49 1563 177 1624 Ioannes
192 1564 271 1643 Papa
288 1565 435 1622 Romanus
450 1561 634 1645 Nicephoro,
656 1563 865 1638 Constantino,
886 1563 1003 1643 Rasilis,
1024 1569 1136 1646 magnis

49 1667 252 1726 Romanorum
271 1663 499 1744 Imperatoribus
524 1663 778 1744 utquerlugustis,
802 1665 883 1744 quod
905 1666 1061 1745 quianam
1086 1669 1165 1730 di-u:

47 1769 165 1844 xerim,
192 1787 315 1847 quaeso,
344 1765 497 1828 advertite.
545 1765 731 1846 Nicephorus
750 1767 881 1846 periurio
902 1777 991 1848 atque
1014 1769 1133 1830 adulte-

47 1868 96 1928 rio
108 1868 202 1946 Regni
218 1868 331 1948 apicem
346 1877 391 1928 est
403 1867 544 1948 adeptua;
561 1877 591 1926 et
603 1866 741 1946 queniam
756 1865 988 1929 Christianorum
1002 1871 1133 1931 omnium

47 1971 130 2030 salus
145 1971 184 2028 ad
197 1970 321 2030 Romani
336 1972 432 2050 Papae
445 1969 574 2051 pertinet
590 1968 830 2044 sollicitudinem,
851 1971 950 2030 mittat
963 1971 1131 2053 Nicephoro

47 2072 197 2132 Dominus
221 2074 297 2153 Papa
318 2073 471 2153 epistolem
495 2071 638 2154 sepulcris
659 2069 779 2130 omnino
800 2071 941 2148 similem,
963 2094 1036 2153 quas
1059 2075 1132 2134 soris

49 2184 126 2233 sunt
141 2173 289 2252 dealbata,
308 2176 389 2235 intua
404 2176 492 2256 plena
512 2183 583 2233 sunt
598 2173 711 2233 ossibus
735 2184 933 2234 mortuorum:
955 2177 1136 2256 improperet

46 2275 100 2336 illi
122 2275 316 2362 intrinsecus,
347 2277 472 2357 qualiter
492 2276 623 2358 periurio
654 2286 684 2337 et
706 2277 855 2338 adulterio
878 2277 1023 2356 acceperit
1044 2295 1136 2358 super

47 2377 195 2438 Dominos
207 2397 275 2444 suos
285 2377 499 2454 monarchiam,
524 2377 631 2438 invitet
644 2399 710 2439 eum
725 2381 763 2440 ad
778 2379 948 2461 synodum,
968 2387 1012 2455 et,
1032 2377 1059 2436 si
1073 2397 1135 2436 non

47 2479 183 2554 venerit,
206 2479 387 2542 anathemate
399 2480 494 2542 feriat.
538 2479 570 2538 Si
585 2481 799 2564 superscriptio
811 2479 981 2542 huiusmodi
993 2499 1055 2538 non
1071 2479 1134 2538 lue·

47 2582 109 2660 rit,
132 2601 188 2640 nec
210 2580 247 2640 ad
264 2580 361 2661 ipsum
379 2601 474 2661 nsque
493 2582 612 2644 leretur.
653 2583 740 2643 Nunc
762 2585 800 2644 od
822 2582 1008 2665 propositum
1029 2581 1134 2642 redea—
1260 2589 1280 2642 i

46 2703 126 2743 mus.
170 2683 405 2763 Superscriptam
421 2701 459 2741 ex
472 2683 721 2766 superscriptione
735 2685 958 2766 promissionem
972 2707 990 2744 a
1007 2704 1054 2744 me
1069 2703 1133 2742 me-
1150 2702 1184 2756 Ρ,
1196 2698 1247 2758 437

46 2781 160 2844 morati
171 2781 320 2864 Principes
335 2804 402 2844 curn
415 2785 580 2861 audissent,
601 2786 648 2845 nil
661 2786 755 2848 inesse
773 2787 835 2847 doli
851 2795 1006 2869 putantes,
1028 2786 1131 2846 Grates
1149 2771 1205 2826 ⁰⁰l
1225 2775 1239 2830 ²

47 2884 104 2944 tibi
116 2883 328 2964 persolvimus,
351 2886 443 2964 aiunt,
466 2886 657 2966 oEpiscope:
679 2888 764 2948 decet
777 2890 852 2950 onim
869 2889 1133 2969 sapienticmtuum

46 2985 141 3045 tantia
155 2985 355 3048 mediatricem
368 2987 551 3048 intercedere
563 2990 667 3066 rebus,
689 2991 768 3050 eolus
785 3011 815 3052 es
834 3011 871 3050 ex
885 2988 1023 3066 Francis,
1046 3007 1133 3070 quem
1148 3029 1154 3050 .

47 3111 131 3150 nunc
154 3091 326 3168 diligamus;
348 3087 401 3148 sed
426 3107 494 3148 cum
517 3090 691 3170 depravata,
712 3099 743 3150 te
761 3091 917 3166 hortante,
940 3089 1134 3164 correxerint,

49 3193 151 3274 stipsi
175 3191 353 3270 diligentur:
374 3198 468 3268 tuque
480 3191 588 3252 iterum
605 3192 641 3251 ad
655 3213 709 3251 nos
727 3211 796 3250 cum
813 3191 944 3267 veneris,
965 3211 1026 3250 non
1042 3191 1134 3249 indo·

48 3301 139 3353 natus
151 3293 254 3353 abibis.
298 3293 413 3352 Corona
435 3311 523 3353 aureo
543 3303 722 3374 sceptroque
744 3313 812 3353 curn
837 3292 897 3352 huc
910 3293 988 3351 ultra
1006 3292 1131 3369 rediero,

49 3415 97 3456 me
110 3393 296 3476 Nicephorus
319 3392 456 3470 donabit,
477 3393 587 3454 tacitus
610 3395 683 3458 diri.
726 3393 784 3453 Sed
803 3392 870 3467 hic,
890 3393 1049 3500 inquiuntp
1066 3393 1134 3456 vult

47 3497 193 3558 Dominus
204 3495 485 3556 tuusSenctiasimus
500 3515 568 3555 cum
575 3496 753 3578 Imperatore
768 3495 885 3555 firmare
899 3495 1059 3556 amicitiam
1071 3495 1134 3556 loc

50 3597 121 3657 dere
143 3595 335 3676 nuptiarum?
365 3597 438 3654 Cum
456 3596 518 3656 huc
533 3599 681 3675 venirem,
703 3599 816 3675 voluit,
836 3598 973 3678 inquam3
995 3595 1046 3655 sed
1067 3596 1135 3674 quia

47 3716 97 3756 me
112 3696 164 3756 din
185 3695 237 3755 lric
256 3706 389 3756 morante
409 3698 510 3758 literas
525 3719 586 3759 non
598 3699 711 3779 recepit
724 3695 861 3780 σφάλμα,
883 3699 973 3759 idest
991 3697 1097 3758 vitium
1116 3707 1162 3762 an

47 3798 151 3874 robis,
171 3817 276 3877 meque
290 3807 410 3878 captum
430 3809 519 3879 putat
539 3809 569 3860 et
588 3799 736 3878 vinctum,
758 3798 1055 3880 aestuatqueanimus
1072 3798 1135 3860 eius

47 3907 148 3976 totus,
170 3909 205 3959 ut
223 3899 367 3975 Leaenae,
390 3899 494 3960 catulis
513 3902 622 3982 raptis,
644 3902 740 3961 donec
761 3903 926 3962 vindictam
945 3901 1024 3959 iusta
1044 3900 1135 3959 saciat

49 3999 222 4077 acerbitate,
243 4009 273 4061 et
286 3999 407 4081 nuptias
422 4001 594 4078 abhorreat,
615 4010 703 4081 atque
716 4003 793 4062 iram
809 4003 842 4062 in
857 4024 917 4081 vos
931 4009 1059 4063 evomat.
1100 3999 1132 4061 Si

48 4101 176 4182 ceperit,
197 4101 348 4184 inquiunt,
369 4123 431 4161 non
444 4103 569 4163 dicimus
583 4103 710 4182 Italiam,
731 4105 782 4164 sed
796 4124 851 4164 nec
865 4106 930 4185 ipsa
944 4103 1039 4184 capiet
1054 4119 1132 4176 eum,
1241 4157 1244 4164 ,

46 4201 81 4262 in
102 4223 163 4284 qua
187 4213 272 4265 ortus
293 4211 352 4283 est,
373 4223 506 4290 pauper,
528 4215 557 4265 et
571 4217 718 4285 gunnam
739 4205 828 4266 idest
845 4207 970 4286 pellicea
995 4202 1131 4279 Saxonia,
