2812 4630
225 285 301 362 658
425 297 465 366 Ν.
486 293 533 366 Μ.
554 295 755 367 ῈΟθῦΠἪΙ
774 297 1116 369 ADNOTATIONES

308 455 360 523 76.
382 454 572 541 Θρᾳκηδίων]
593 455 722 517 'lhrsoes
737 439 826 517 etiarn
851 457 904 517 sub
919 425 1087 539 Nicephoro
1101 457 1134 519 in
1148 457 1209 518 hse
1226 477 1325 540 expo-

225 543 340 604 ditione
362 541 504 602 mitione
533 541 628 604 refert
651 543 850 606 continuator
867 543 1055 624 Theophanis
1085 545 1118 604 in
1142 546 1230 606 Rom.
1257 548 1328 606 lun.

225 649 308 693 num.
322 627 405 689 XVI.
421 645 487 708 psg.
504 629 577 693 300.

307 741 456 825 Ἑπτιίκις]
480 747 525 805 En
542 745 594 805 ubi
606 745 789 807 Theodosius
802 745 960 828 perspicue
979 755 1081 807 narret
1094 749 1261 808 Saracenos
1276 769 1327 807 se-

224 831 302 916 pties
323 832 476 890 sGraecis
498 831 588 892 fuisse
611 833 799 912 profligatos:
822 833 903 911 quod
928 833 1063 912 superius
1084 833 1240 894 obscurius
1267 855 1327 894 ex-

224 925 381 1002 presserat.
422 916 499 976 vide
517 920 585 978 Aer.
599 917 652 978 111.
670 937 699 977 v.
716 921 765 984 80.
790 927 819 976 et
835 937 909 996 quse
925 917 967 975 ibi
980 917 1197 979 adnotavimus.

311 1041 362 1104 92.
387 1039 454 1098 Teio
468 1040 566 1118 pricio
575 1032 632 1116 ιηίι
645 1030 781 1118 τετράδα]
804 1035 954 1095 Occubuit
965 1056 1081 1118 nempe,
1096 1036 1167 1096 dum
1181 1057 1329 1115 magnam

225 1122 418 1181 barbarorum
434 1123 544 1182 feceret
559 1123 687 1197 eaedem,
703 1123 837 1201 adquam
854 1122 1062 1199 designandam
1078 1121 1151 1181 dicit
1165 1129 1328 1181 strenuum

225 1206 308 1268 hunc
328 1207 453 1265 militem
473 1207 602 1266 membre
625 1210 836 1266 Saracenorum
855 1207 981 1266 abscisse
1002 1207 1160 1286 proiecisse
1175 1227 1273 1286 seque
1292 1227 1329 1266 ec

226 1291 253 1350 si
270 1292 458 1352 essentsolis.
502 1293 640 1367 Quatuor
655 1303 752 1351 autern
770 1293 968 1352 membrorum
979 1292 1097 1351 nomine
1113 1293 1270 1370 exprimit,
1291 1301 1329 1352 ut

226 1377 374 1454 arbitror,
404 1386 511 1459 ceput,
539 1376 676 1456 brachis,
704 1387 844 1437 truncum
874 1387 903 1437 et
925 1397 1020 1436 crure.
1073 1375 1205 1460 [Μελῶν
1219 1374 1329 1456 τετρὰς

225 1461 347 1523 brechia
365 1473 437 1523 sunt
457 1473 486 1522 et
506 1462 616 1542 crure]

313 1586 382 1648 108.
406 1575 492 1660 Θεὸν]
514 1581 640 1639 Difficile
663 1579 823 1637 admodum
842 1579 924 1638 lectu
943 1589 985 1639 est
997 1579 1056 1639 hoc
1070 1581 1195 1640 verbum
1212 1579 1247 1638 in
1266 1579 1328 1638 Co-

228 1665 311 1740 dice,
326 1685 499 1746 sncepsque
517 1664 639 1738 haereo,
661 1686 697 1722 an
712 1662 784 1722 haec
798 1685 866 1722 vero
886 1665 926 1724 sit
941 1666 1042 1725 lectio.
1081 1665 1240 1725 Cornelius
1259 1666 1327 1723 edi-

228 1751 274 1809 dit
298 1747 349 1826 do,
371 1755 422 1808 sed
444 1751 475 1807 id
492 1761 570 1808 certe
586 1749 730 1827 scriptum
744 1770 803 1806 non
818 1769 877 1807 esse
892 1761 1033 1829 apparet
1055 1771 1089 1810 eo
1103 1753 1218 1830 magis
1242 1749 1330 1830 quod

226 1855 283 1894 nec
294 1855 397 1894 versus
411 1855 566 1911 mensure,
588 1854 645 1892 nec
660 1853 762 1893 sensus
776 1834 839 1914 ipse
854 1835 929 1892 illud
943 1837 1048 1895 ferunt.

312 1957 382 2018 129.
396 1949 549 2034 Ἕῤῥαινε]
575 1953 625 2012 Sic
648 1953 686 2012 sd
704 1951 793 2012 iidem
816 1953 932 2012 Codicis
952 1955 1091 2016 restitues
1120 1955 1205 2040 ἔρραι
1232 1956 1328 2032 enim,

227 2037 330 2098 forssn
343 2057 444 2100 errore
458 2037 655 2121 typographi,
678 2039 754 2098 msle
769 2039 862 2100 edidit
882 2039 1043 2100 Co1nelius.

463 2460 518 2526 IN
540 2459 673 2550 QUIN
682 2459 1084 2528 TAM'Acuonsln.

310 2631 392 2692 Vere.
414 2612 443 2700 92
469 2634 608 2716 Tposipo]
633 2635 677 2695 Its
696 2633 817 2713 melius,
840 2653 929 2714 quam
950 2636 1099 2716 στραῦμα,
1119 2642 1156 2694 ut
1172 2632 1252 2696 bene
1268 2635 1326 2697 sd·

225 2719 342 2777 notsvit
359 2718 522 2782 Cornelius.

225 2833 227 2840 ¹
311 2843 361 2904 20.
388 2837 581 2920 Ταρσειιτῶν]
604 2839 730 2897 Tarsum
751 2838 810 2897 iem
836 2847 921 2897 antee
938 2859 1000 2898 non
1019 2839 1109 2898 semel
1131 2839 1248 2898 frustra
1264 2860 1325 2920 op-

225 2933 402 3002 pugnatum,
424 2921 610 3005 Nicephorus
623 2923 749 3000 Phocus,
772 2923 947 3004 priusquam
960 2923 1071 2984 bellum
1091 2924 1235 2983 Cretense
1252 2945 1324 2985 sus-

217 3007 357 3087 ciperet,
382 3019 464 3068 resto
494 3011 608 3090 impetu
630 3009 796 3086 concussit,
826 3019 856 3070 et
876 3010 1066 3068 Corsmonem
1088 3009 1151 3068 eius
1171 3011 1323 3086 Amorem,

226 3101 301 3151 teste
326 3094 458 3155 Cedreno
482 3095 557 3154 Hist.
580 3095 682 3176 Cornp.
694 3115 760 3173 pag.
777 3095 848 3160 642.
866 3094 1057 3174 compescuit.
1100 3093 1158 3152 Ubi
1176 3114 1251 3153 vero
1267 3096 1323 3154 Ni·

227 3177 375 3257 cephorus
387 3180 451 3260 ipse
465 3181 667 3261 sdhnperium
679 3189 796 3240 evectus
811 3189 864 3255 est,
877 3201 955 3240 anno
970 3181 1032 3239 eius
1045 3177 1165 3258 imperii
1176 3180 1321 3256 secundo,

225 3281 327 3321 mense
351 3265 445 3343 lulio,
467 3266 633 3325 indictione
653 3265 794 3346 septima,
815 3285 921 3342 magno
930 3265 1111 3362 'conscripto
1130 3266 1322 3324 exercitueo

225 3365 257 3404 se
283 3348 426 3420 contulit,
450 3351 631 3430 Tarsumque
650 3371 683 3410 ac
700 3349 936 3430 Mopsuestisnr'
927 3371 959 3409 ιιι
974 3371 1056 3409 suom
1076 3357 1252 3447 potestatem
1270 3371 1323 3410 re-

226 3429 322 3509 dogit.
344 3451 539 3513 reversusque
560 3435 849 3516 Constantinopolim
871 3456 970 3494 meuse
990 3417 1132 3511 Octobri,
1153 3434 1323 3494 indictione

225 3534 314 3592 nens,
340 3517 423 3576 Tarsi
442 3529 543 3598 portes
565 3541 600 3580 ec
615 3522 809 3602 Mopsuestiee
828 3541 929 3579 secum
941 3521 1075 3598 adduxit,
1096 3540 1169 3598 ques
1183 3540 1256 3579 cum
1268 3540 1324 3580 ex·

224 3601 371 3661 trinsecus
396 3624 469 3664 euro
492 3607 694 3682 distinxisset,
718 3625 826 3665 munus
848 3605 949 3664 attulit
970 3607 1064 3685 regies
1080 3605 1147 3665 urbi
1173 3605 1322 3664 dedican-

226 3685 315 3763 dum,
336 3688 408 3747 alies
426 3691 462 3749 sd
476 3711 573 3750 arcem
589 3692 796 3766 collocandos,
819 3691 890 3749 elios
903 3692 941 3749 sd
953 3712 1057 3753 aurens
1070 3699 1322 3771 postremorum.

226 3731 369 3849 Concide,
401 3794 474 3852 quae
496 3777 589 3835 fusius
620 3785 722 3836 narret
750 3777 956 3857 praelaudatus
984 3777 1133 3836 Cedrenus
1156 3795 1224 3855 psg.
1248 3777 1322 3841 654.

223 3873 280 3914 nee
293 3878 354 3915 non
365 3859 469 3920 Leonis
486 3861 610 3921 Disconi
623 3871 762 3942 excerpts
777 3862 857 3942 apud
872 3861 991 3939 Psgium
1007 3861 1152 3923 inCritic.
1166 3860 1253 3919 Τοιιι.
1268 3861 1321 3921 IX.

221 3945 339 4022 pag-8·
363 3950 414 4010 12.

308 4067 359 4126 21.
378 4055 514 4144 Ἀράβων
535 4059 641 4146 φυλή]
664 4063 776 4125 ΔιιΙιιι
799 4075 865 4126 tum
881 4076 1009 4141 veteres,
1034 4073 1099 4125 tum
1125 4064 1322 4142 recentiores,

222 4141 505 4295 ίώιιιιιιιιιιηΤῐιιιιιι
494 4169 529 4208 ιιι
544 4150 648 4230 plures
661 4151 755 4213 tuisss
765 4151 862 4228 tribus
874 4152 1032 4212 ffisfinetos
1048 4169 1088 4212 ex
1100 4149 1257 4211 historicis
1271 4170 1323 4210 ss·

283 4247 355 4290 eous
921 4279 924 4284 .
