2786 4620
4 415 6 452 i

4 457 6 482 t

4 503 6 528 ρ

4 529 6 564 l

4 589 5 616 l

345 327 715 444 mucarnoaun
731 327 926 402 rnocua
1093 327 1167 404 ert

69 511 156 572 mus,
179 487 319 568 obedire,
340 488 445 550 sudiat
462 509 535 568 vos,
556 507 682 570 quorum
704 492 798 574 copiis
818 511 881 554 uon
896 491 984 554 audet
1000 493 1169 558 cadavero-

71 615 126 656 sus
147 603 320 655 occurrere.
362 591 446 668 noc,
468 592 610 672 inquam,
624 602 684 670 est,
706 595 789 674 quod
804 616 859 656 nos
876 596 1041 677 Apostolici
1051 598 1170 659 Domini

4 719 5 748 1
71 707 105 758 ct
126 694 348 758 commilitones
373 693 470 754 uestri
495 695 592 756 iacere
611 695 727 760 volant.
769 695 837 756 Non
857 705 902 757 est
922 718 940 756 e
962 699 1081 760 Graecis
1100 701 1195 761 lle-E

4 809 5 812 ’
72 819 181 862 mnus
198 795 271 858 vilis
290 795 438 857 tenendus
458 797 559 876 locus,
587 796 657 879 quia
674 797 795 859 recessit
815 797 887 858 inde
904 797 1070 882 Imperator
1091 803 1169 863 Cen·

73 899 245 975 stuntinas3
265 917 371 960 verum
398 918 435 958 eo
458 899 550 978 magis
573 901 730 977 colendus,
757 899 961 980 venerandus,
988 903 1167 983 adorandus,

75 1003 149 1086 quia
167 1008 317 1064 venerunt
335 1000 411 1059 illuc
432 999 571 1080 Apostoli
589 1002 727 1064 doctores
738 1003 857 1082 Sancti,
873 1003 980 1065 Petrus
1001 1015 1032 1066 et
1051 1005 1168 1069 Paulus.

75 1106 125 1168 Ac
139 1102 236 1163 (lehis
249 1103 319 1162 satis
336 1120 384 1161 me
398 1101 549 1182 scripsisse
562 1104 703 1183 sufficiet,
725 1104 820 1166 denec
834 1105 896 1166 Deo
913 1106 1069 1186 largiente,
1091 1107 1169 1167 San-

4 1215 5 1218 ’
79 1206 337 1284 ctissimcramque
351 1203 562 1284 Apostolorum
585 1206 785 1288 orationibus,
796 1227 846 1268 ex
857 1208 1038 1269 Graecorum
1050 1217 1169 1290 ereptus

76 1308 226 1383 manibus,
244 1327 299 1366 vos
312 1304 422 1366 adeam.
463 1307 503 1366 Et
514 1317 588 1367 tunc
600 1329 662 1369 non
674 1309 790 1368 taedeat
801 1309 909 1388 dicere,
931 1311 1012 1391 quod
1023 1309 1171 1371 bicnunc

76 1409 175 1492 piguit
195 1408 343 1484 scribere;
377 1429 461 1470 nanc
482 1409 520 1468 ad
541 1411 729 1492 propesitum
749 1411 914 1472 redeamus.
963 1412 1077 1472 Octavo
1099 1411 1170 1473 Idus

77 1510 248 1572 Decembris
266 1509 422 1570 Leucaten
442 1511 594 1590 venimus,
614 1512 668 1573 ubi
688 1513 724 1574 ab
739 1513 889 1595 Episcopo
909 1510 1004 1595 ipsius
1024 1513 1085 1572 loci
1102 1514 1168 1575 Eu·
1183 1517 1215 1570 P.
1233 1514 1284 1574 489

79 1613 196 1691 nacho,
217 1613 295 1673 sicut
307 1623 338 1672 et
351 1609 461 1692 ubique
478 1612 515 1673 ab
533 1614 617 1693 aliis,
638 1612 884 1676 inhumanissime
903 1616 1034 1698 suscepti
1055 1625 1086 1678 et
1107 1626 1168 1678 tra·
1184 1585 1241 1641 ⁰⁰¹·
1259 1591 1274 1643 ¹

78 1717 151 1778 etati
172 1735 283 1776 sumas.
323 1713 360 1774 ln
382 1715 464 1775 omni
486 1715 628 1793 Graecia,
655 1715 815 1778 veritatem
837 1715 923 1794 dico,
949 1737 1012 1778 non
1030 1719 1169 1793 mentior,

77 1841 142 1884 non
158 1817 258 1899 reperi
276 1815 436 1897 hospitales
454 1817 627 1899 Episcopus.
668 1818 784 1880 Divites
802 1827 888 1897 sant,
913 1838 1060 1900 pauperes
1081 1828 1169 1882 suntt

78 1923 189 1984 divites
214 1921 328 1998 aureis,
357 1918 463 2000 quibus
485 1921 573 2000 plena
594 1919 710 1980 luditur
731 1939 818 1982 arcas
847 1941 990 2003 pauperes
1010 1921 1167 1999 ministris,

77 2045 134 2085 seu
152 2023 339 2084 utensilibus.
382 2021 446 2082 Soli
461 2022 611 2082 mensulae
625 2021 754 2083 assident
773 2023 887 2101 nudes,
907 2023 1107 2104 paximacium
1120 2017 1169 2107 4⁰)

79 2125 140 2186 sibi
160 2132 357 2206 apponentes,
378 2124 543 2204 balneaque
559 2133 633 2183 tunc
656 2123 737 2184 vitro
760 2123 933 2204 permodico
955 2145 1017 2184 non
1036 2123 1171 2184 bibentes

81 2227 136 2288 sed
150 2227 345 2287 sorbillantes.
385 2226 446 2308 lpsi
464 2227 618 2304 rendunt,
639 2223 700 2306 ipsi
711 2233 812 2286 emunt
818 2247 827 2303 3
849 2224 925 2285 ostia
938 2224 996 2304 ipsi
1015 2223 1170 2302 claudunt,

80 2329 142 2411 ipsi
161 2328 298 2410 aperiunt
304 2355 314 2408 ‚·
340 2328 400 2409 ipsi
421 2327 563 2410 dapiferi,
590 2327 649 2408 ipsi
670 2337 830 2406 ,agatonem
857 2325 916 2407 ipsi
933 2344 1077 2406 capones,
1106 2325 1169 2402 sed,

80 2431 139 2510 ha,
167 2451 316 2512 caupones
336 2431 420 2492 volui
442 2429 586 2503 scribere;
613 2449 718 2491 verum
744 2449 793 2490 res
818 2428 898 2511 ipsa,
927 2447 1003 2508 quae
1022 2447 1094 2488 vera
1115 2435 1169 2506 sat,

81 2535 239 2606 veritatem
255 2533 342 2592 etism
358 2533 508 2592 nolentem
523 2530 668 2613 compulit
679 2531 821 2594 scriberes
843 2531 968 2592 dicimus
986 2527 1080 2606 enim,
1102 2527 1171 2609 quis

82 2655 211 2717 capones
224 2643 308 2712 auct,
329 2633 362 2693 id
376 2642 421 2694 eat
435 2633 581 2714 eunuchi,
604 2633 685 2714 quod
699 2633 875 2695 canonicum
893 2651 955 2692 non
969 2641 1030 2693 est:
1052 2640 1124 2692 sunt
1139 2630 1196 2692 etit

83 2755 251 2819 caupones,
271 2735 304 2795 id
320 2744 365 2796 est
377 2734 550 2815 tabernarii,
573 2735 654 2817 quod
668 2746 773 2797 contre
786 2737 918 2796 canones
933 2744 994 2796 est:
1015 2751 1142 2816 quorum
1163 2727 1166 2751 '

211 2855 325 2934 Incipit
345 2863 373 2911 et
388 2852 508 2914 claudit
522 2875 642 2914 coenam
657 2855 780 2914 lactuca
795 2863 934 2930 tenacem,

214 2937 362 2999 Claudere
383 2959 462 3020 quus
477 2961 583 2999 coenus
595 2941 721 3024 Iactucc
731 2939 846 2999 solebat
860 2955 998 2998 avorum.

83 3059 198 3121 Felices
221 3078 288 3133 eos,
316 3059 342 3118 ai
359 3068 564 3139 paupertatem
587 3057 698 3118 Christi
719 3057 795 3118 haec
816 3056 998 3131 imitaretur,
1025 3069 1170 3135 pauperet

83 3161 260 3238 iudicarem.
302 3160 385 3220 Facit
397 3157 457 3219 hcc
467 3179 552 3239 asper
564 3179 720 3237 nummus,
742 3168 772 3220 et
788 3157 852 3219 euri
866 3174 950 3216 sacra
964 3155 1067 3214 fames.
1111 3153 1173 3214 Ve-

83 3285 153 3326 rum
175 3269 281 3345 parcat
301 3259 362 3320 illis
377 3261 465 3322 Deus.
505 3259 572 3320 Hoc
592 3279 626 3320 eo
644 3260 713 3320 illos
732 3268 806 3340 puto
823 3258 938 3330 iecere,
962 3255 1103 3335 quonism
1118 3275 1173 3316 eo-

84 3385 154 3440 rum
169 3363 317 3426 Ecclesiae
332 3372 402 3423 sunt
419 3361 599 3423 tributariae.
621 3361 812 3423 Leucae-ensis
824 3359 900 3420 mibi
916 3356 1031 3418 iuravit
1046 3356 1173 3438 Episco-

84 3487 159 3549 pus,
182 3465 339 3545 quotannis
351 3463 513 3525 Ecclesiam
529 3484 620 3550 suam,
631 3455 736 3526 debere
750 3460 918 3544 Nicephoro
934 3477 1038 3520 eureos
1051 3466 1172 3520 centum

84 3568 272 3651 persolvere,
295 3567 432 3628 similiter
451 3575 481 3626 et
509 3575 638 3627 caeteras
658 3567 728 3648 plus
745 3567 895 3642 minusve,
916 3560 1079 3623 secundum
1092 3561 1171 3622 vires

85 3689 165 3731 suas.
209 3667 299 3742 Quod
314 3689 402 3749 quam
416 3668 553 3748 iniquum
568 3667 621 3745 sit,
643 3668 827 3730 sanctissimi
838 3665 933 3728 Petris
954 3663 1050 3724 nostri
1064 3661 1172 3744 lceepb
1202 3681 1206 3688 ·

85 3779 154 3830 acta
169 3769 390 3846 demonstrant,
414 3771 483 3849 quia
497 3791 566 3830 cum
578 3770 744 3852 Aegyptum
757 3779 851 3830 totam
866 3765 953 3829 lamis
965 3774 1099 3845 tempore
1113 3763 1188 3825 tri-.

84 3871 233 3933 butariam
247 3871 410 3932 Pharaonis
421 3871 541 3949 faceret,
563 3873 755 3934 Sacerdotem
765 3881 874 3933 terram
889 3867 1033 3928 atributc
1048 3866 1200 3928 libonmc

86 3994 151 4034 esse
165 3973 312 4055 permisit.
353 3971 448 4051 Igitur
459 3971 664 4034 decimonono
677 3975 744 4038 Kel.
761 3971 930 4036 Decembris
942 3969 1100 4029 Leucatem
1117 3973 1174 4027 ex*

88 4085 202 4156 euntes,
223 4075 349 4159 ipsique,
372 4074 576 4156 quoniamae
594 4075 729 4159 superins
743 4076 927 4161 scripsimus,
940 4085 1047 4137 nauus
1061 4071 1174 4153 effuge-

4 4303 6 4378 ζ
122 4273 544 4348 immansuetum
569 4271 653 4329 Mur.

4 4379 5 4418 l

4 4437 6 4480 l

4 4485 6 4524 t

4 4573 5 4618 l
