2812 4630
357 305 403 378 lu
421 305 663 376 THEODOSlI
679 303 911 378 AGROASES.
1105 294 1181 376 666

89 472 132 557 τῇ
152 470 251 556 πλοκῇ
263 469 327 532 asir
347 460 531 550 epupdsnr.
552 463 694 526 orationis
718 463 883 526 snbisotm
905 473 951 526 est
966 461 999 530 oi
1013 468 1182 546 sandoro-

89 550 234 637 στρόφοι,
256 553 306 635 qui
331 551 499 617 machinam
516 550 654 611 bellicam
673 559 829 629 torquent,
850 552 1001 632 molesque
1014 555 1041 614 ei
1053 554 1182 635 imposi-

88 649 135 701 tas
153 659 209 721 ope
224 639 341 700 sunium
355 638 535 698 iaculantur.
577 635 654 696 Male
666 636 767 714 itaque
786 636 926 696 rutilus:
950 659 1044 716 quare
1060 639 1096 698 lu'
1108 661 1181 700 oon-

86 729 169 786 versi
190 723 236 784 ad
254 745 323 784 arm
346 721 529 782 arctandum
548 721 700 796 uinculis5
722 721 805 800 qussi
823 721 861 780 de
874 721 956 781 asino
968 724 1089 784 funibus
1105 745 1181 784 oon-

87 811 196 872 etricto
215 819 333 888 agatem
355 829 446 888 quum
459 807 515 868 site
534 807 583 866 illi
596 815 694 868 antem
707 806 843 868 conversi
858 807 897 868 ad
911 816 1007 868 tortos
1020 809 1182 870 machina-

86 915 157 958 rum
176 899 271 982 tunm.
286 895 319 958 F.
330 893 367 974 1.]

175 1006 246 1069 162
269 992 478 1079 resultasse]
496 996 620 1058 Asinum
633 996 815 1060 testudinum
822 996 915 1078 pedes
926 999 1081 1060 habentem
1096 1001 1182 1080 dicit,

88 1086 127 1147 ob
140 1086 202 1147 eius
218 1086 370 1165 segnitiem
390 1094 420 1145 et
434 1083 612 1145 tarditatem.

174 1191 243 1257 164·
267 1189 388 1274 Ξέρξης]
411 1188 503 1266 Vide,
524 1210 598 1268 quse
619 1191 656 1252 de
679 1188 738 1250 hoc
753 1191 864 1252 xenis
884 1192 963 1252 iacto
976 1191 1112 1274 superius
1126 1191 1182 1254 ad-

88 1275 259 1336 notavimus
275 1277 395 1336 Acrona.
417 1275 454 1338 ll.
478 1293 508 1337 v.
529 1281 600 1342 266.

174 1365 253 1445 ibid.
275 1382 351 1463 Nise]
373 1379 585 1462 Corrigevior.

173 1493 244 1555 193.
266 1482 434 1563 Ἆφᾶντων]
457 1489 618 1548 Saracenos
642 1487 720 1548 fame
740 1487 906 1550 laborantes
927 1487 1043 1548 asinum
1062 1508 1101 1548 ex
1123 1489 1183 1549 im·

87 1573 200 1654 perviis
222 1574 406 1654 occultisque
431 1573 505 1633 locis
525 1575 559 1632 in
572 1573 671 1633 cibum
686 1575 833 1654 accepisse
845 1572 952 1652 inquit,
975 1573 1116 1653 quoniam
1132 1595 1185 1655 per

88 1665 202 1737 adrem,
227 1659 354 1739 ideoque
373 1679 428 1740 per
439 1659 502 1746 ¹vias
518 1659 648 1726 sibinen
664 1660 801 1740 proprias
819 1659 861 1718 eis
873 1659 1022 1718 immissus
1038 1659 1142 1720 suerat.

174 1769 245 1834 195.
266 1759 399 1845 Asinaria]
421 1765 471 1825 Sic
495 1765 571 1826 bene
586 1766 792 1846 corrigendum
809 1765 987 1826 coniectavit
1000 1767 1163 1829 Cornelius.

171 1876 244 1939 207.
272 1873 423 1948 Φίλιππος
450 1871 581 1956 dapis]
614 1872 769 1953 Philippus
789 1871 923 1953 primus,
952 1872 1022 1952 quia
1048 1873 1097 1933 alii
1115 1883 1184 1954 post

86 1976 154 2018 eum
177 1957 310 2017 eiusdem
332 1959 463 2017 nominis
481 1979 565 2037 reges
591 1957 813 2018 Macedonicum
835 1958 994 2038 imperium
1018 1959 1183 2022 obtinuere.

84 2043 162 2102 Eum
175 2042 266 2102 totius
282 2042 424 2102 Graeciae
439 2042 607 2102 dominatui
620 2043 771 2102 ambitiose
784 2042 958 2120 inhiantem,
981 2053 1010 2102 et
1023 2043 1183 2104 Athenien-

86 2146 134 2186 ses
155 2128 332 2207 praecipue,
353 2146 482 2207 quornm
502 2127 580 2187 vires
598 2128 689 2205 magis
712 2127 937 2205 extimescebat,
958 2127 1013 2187 sibi
1036 2129 1182 2190 subiicere

87 2211 287 2286 adnitentem,
309 2210 520 2271 Demosthenes
538 2210 793 2272 vehementissime
810 2213 970 2273 insectatus
985 2223 1046 2290 eet,
1070 2223 1184 2295 septem

86 2295 154 2354 illes
177 2295 381 2357 celeberrimae
403 2296 551 2356 orationes
574 2305 678 2356 contre
708 2317 776 2357 euna
796 2297 944 2375 recitans,
975 2318 1101 2378 quarum
1119 2307 1181 2359 tres

86 2379 294 2461 Olynthiacae,
314 2389 445 2461 quatuor
457 2381 640 2464 Philippicae
651 2392 875 2463 nuncupantur.

171 2491 242 2554 208.
266 2485 377 2568 Φᾳνεὶς
392 2482 577 2569 deturbante]
601 2487 696 2549 doute
709 2487 891 2550 Theodosius
904 2487 1001 2548 utitur
1012 2486 1106 2549 verbo
1124 2512 1184 2568 φα-

86 2571 165 2649 νεὶς,
188 2573 255 2652 qnia
279 2573 356 2632 tama
374 2573 435 2634 tuit¹
450 2573 656 2654 Olympiadem
673 2593 736 2633 nnn
750 2595 789 2634 ex
801 2573 928 2650 marito,
949 2573 1002 2632 sed
1018 2593 1056 2634 ex
1072 2574 1183 2635 Necta-

86 2657 173 2736 nebo,
194 2667 284 2738 atque
297 2659 370 2718 adeo
386 2680 424 2718 ex
442 2659 513 2719 Jove
528 2659 584 2719 sub
600 2659 737 2719 draconis
750 2659 845 2739 figure
859 2657 1061 2720 Alexandrum
1077 2659 1116 2722 Μ.
1130 2679 1183 2738 ge-

85 2743 196 2807 nuisse.
238 2745 380 2823 Namque
398 2756 495 2804 mater
517 2749 583 2804 eius
602 2746 777 2825 Olympiae,
795 2744 894 2825 inquit
912 2742 1042 2805 lustinus
1054 2745 1105 2808 lib.
1124 2745 1177 2810 Xl.
1193 2742 1226 2796 P·
1243 2740 1296 2796 ³8⁸

87 2848 152 2909 cap.
172 2834 228 2906 11,
249 2832 386 2906 consessa
410 2834 475 2892 viro
497 2853 552 2890 suo
568 2831 714 2911 Philippo
729 2832 857 2908 fuerat,
887 2829 1100 2889 Alexandrum
1120 2853 1180 2890 non
1195 2810 1282 2867 c⁰l¹

86 2935 121 2973 ex
143 2935 176 2972 eo
197 2936 229 2972 se
249 2913 345 2972 eedex
361 2927 491 2996 serpente
511 2919 642 2997 ingentis
659 2915 883 2996 magnitudinis
896 2921 1071 2998 concepisse.
1114 2919 1182 2976 De-

85 3002 179 3079 nique
197 2999 376 3079 Philippum
398 3003 505 3060 ultimo
514 3024 610 3082 prope
626 3006 708 3066 uitae
729 3023 804 3060 auae
826 3013 955 3081 tmepore
967 3001 1077 3079 silium
1093 3021 1186 3062 suum

85 3107 146 3144 esan
165 3109 226 3144 esee
241 3085 352 3166 palam
361 3085 603 3165 praedicaverat.
649 3090 719 3166 Qua
732 3109 765 3145 ex
779 3107 874 3146 causa
890 3083 1109 3164 Olpmpiadem,
1131 3108 1184 3146 ve-

86 3171 136 3230 lut
159 3173 259 3252 stupri
284 3173 479 3250 cbnspertam,
501 3169 627 3250 repudio
645 3171 812 3232 dimiserat.
856 3171 921 3244 Qua
934 3170 971 3228 de
984 3191 1016 3229 re
1035 3169 1109 3229 bene
1128 3171 1184 3232 sd·

86 3264 172 3316 notat
192 3255 411 3316 Freinshemius
425 3255 457 3315 in
472 3257 690 3337 Supplementis
705 3258 742 3316 ad
758 3257 794 3331 Q.
809 3256 947 3316 Curtium
966 3253 1018 3315 lib.
1031 3256 1054 3316 1.
1072 3276 1136 3334 cap.
1154 3260 1184 3321 1.

86 3359 169 3400 num.
194 3342 250 3407 15:
274 3342 337 3400 Neo
362 3339 486 3418 desunt,
515 3343 570 3422 qui
582 3341 768 3419 fabulosum
788 3339 825 3400 id
845 3339 984 3422 quidem,
1003 3362 1065 3400 non
1083 3351 1184 3400 tamen
1283 3355 1287 3370 ⁸

86 3423 274 3486 adulterium
302 3429 412 3486 matris
429 3428 515 3505 falso
531 3429 684 3486 iactatum
698 3425 852 3488 adaerant.

171 3537 242 3598 209.
266 3526 413 3617 Κάρβων]
435 3535 488 3593 Cn.
510 3534 622 3610 Carbo,
646 3535 731 3594 cuius
748 3533 876 3616 plurima
897 3533 954 3594 ruit
967 3533 999 3592 in
1017 3531 1184 3613 Republica

88 3617 270 3694 suetonius,
291 3629 390 3697 partes
405 3619 552 3680 Marianas
571 3630 721 3700 sequutus.
763 3620 791 3680 ls
803 3619 836 3678 in
847 3620 936 3680 tertio
949 3639 1004 3678 suo
1020 3619 1184 3678 Consulatu

86 3700 171 3760 iussu
186 3702 315 3781 Pompeii
336 3703 368 3762 in
391 3705 494 3765 Sicilia
509 3707 547 3765 ad
566 3707 747 3786 supplicium
767 3706 878 3766 ductus
890 3715 950 3783 eet,
972 3703 1089 3782 ibique,
1112 3703 1183 3763 dum

88 3786 189 3846 alvum
210 3785 265 3845 sibi
285 3787 415 3865 levaret,
437 3802 528 3871 ceput
550 3793 577 3852 ci
598 3790 766 3853 abscissum.
809 3789 939 3850 Consule
952 3787 1102 3853 Valerium
1116 3787 1183 3848 lta-

86 3871 203 3932 ximum
222 3870 275 3934 lib.
296 3873 348 3932 lX.
361 3893 425 3954 cap.
442 3874 527 3956 13.§
542 3884 574 3945 2,

171 3995 249 4062 ibid.
269 3995 303 4062 ‘0
316 4003 372 4062 τοῦ
383 4001 538 4083 Hoprslov]
561 4004 611 4064 Sic
627 4003 743 4080 Codex,
764 4024 853 4085 quens
869 4001 978 4064 erroris
993 3999 1092 4080 arguit
1105 3997 1183 4058 Cor-

86 4083 201 4161 nelius,
224 4093 254 4143 et
268 4083 388 4144 suflicit
405 4107 513 4147 nomeu
535 4092 702 4170 Καίσαρος,
724 4089 794 4169 quia
805 4091 915 4149 Brutus
930 4087 1098 4160 Caesarem,
1119 4103 1183 4142 non

68 4245 71 4251 ι
88 4168 262 4250 Pompeium
275 4171 436 4250 percussit.
478 4173 551 4232 Mihi
566 4185 665 4236 umen
676 4173 731 4236 vix
745 4173 919 4256 persuadeo,
937 4170 1114 4252 scriptorem
1129 4169 1185 4228 Co·

87 4252 163 4314 dicis
183 4254 256 4315 adeo
281 4254 413 4338 turpiter
434 4277 563 4338 emmae,
584 4270 619 4322 ut
633 4262 694 4324 duo
706 4259 828 4321 nomina
840 4259 915 4321 aden
929 4257 1009 4317 inter
1021 4275 1054 4316 se
1068 4254 1186 4318 dieses
