2786 4620
245 307 321 385 886
441 307 675 382 uxerem
693 305 755 377 EX
773 305 945 376 muron
967 300 1149 374 Alllbllbl

232 499 333 557 ¹ceras,
358 475 449 537 iussis
469 465 676 532 tautummodo
697 465 812 526 colonia
830 483 928 526 serere
948 473 979 524 st
1000 463 1114 542 colere,
1141 462 1239 524 alteru
1262 481 1350 524 mo

249 601 282 644 ss
292 579 459 643 rediturum
476 582 508 636 et
521 573 620 651 leugas
634 577 891 652 comportatum
906 585 978 629 aas.

333 784 445 848 Eodem
458 797 536 839 anuo
549 672 759 857 expugnaliirll
770 672 993 835 ἓνὲἷοθίιιτωω
1006 771 1117 846 Delus,
1137 766 1271 846 elisaque
1282 774 1347 828 tres

250 887 365 949 circum
376 903 467 946 moes.

337 983 479 1044 Eiusdem
499 978 570 1041 euni
584 978 698 1041 decimo
716 995 816 1038 meuse
836 975 1011 1036 auferebant
1025 971 1116 1034 iidem
1136 969 1290 1052 captivum
1303 988 1346 1029 ax

248 1085 321 1150 urbe
333 1084 472 1166 llanbeg‚
498 1080 546 1142 cui
562 1089 713 1164 praeerat,
734 1077 974 1141 Abu-Ferarum
987 1074 1141 1151 llatetum,
1161 1071 1261 1134 filium
1275 1071 1346 1132 Sai-

249 1189 299 1269 di,
319 1187 376 1250 filii
388 1184 544 1250 llamdani.
558 1181 587 1266 *J

688 1283 711 1347 l
726 1284 750 1345 l.
766 1305 798 1366 p.
812 1282 884 1350 481.

333 1391 447 1454 Eodem
462 1411 540 1450 anno
557 1386 590 1465 (i.
601 1407 627 1447 e.
642 1385 779 1464 ccum,
802 1385 854 1466 qui
868 1383 916 1445 die
929 1391 971 1452 29
982 1386 1043 1446 lan.
1057 1381 1095 1445 A.
1109 1379 1177 1442 chr.
1193 1383 1258 1450 963
1275 1398 1346 1440 cue·

248 1490 307 1577 pit)
334 1493 512 1555 occiderunt
530 1491 636 1551 Graeci
657 1509 744 1550 suum
759 1489 969 1570 imperatorem
987 1489 1164 1560 (Romanum
1178 1477 1344 1566 iuniorem)

248 1597 335 1676 eique
355 1596 448 1656 alium
467 1595 673 1670 subrogarunt.
715 1591 792 1650 Tum
810 1590 889 1650 lilius
907 1585 1138 1649 Schemescbkik
1152 1581 1343 1666 (Trinium)

247 1697 342 1760 evasit
358 1695 550 1758 Domesticus.
565 1694 615 1767 **)

330 1894 418 1958 Anno
437 1891 572 1955 cccclv
586 1891 662 1976 (qui
682 1792 893 1960 diblliplrffi
909 1893 979 1954 Chr.
998 1891 1060 1960 965
1082 1887 1202 1973 coepit)
1227 1887 1340 1949 Roma-

247 2015 305 2059 nus
322 1995 485 2077 imperator
499 1993 699 2081 (Nicephorus
716 1995 842 2078 Phocea)
859 2019 969 2059 corona
991 1996 1089 2056 cinxit
1103 2004 1132 2053 et
1146 1991 1266 2052 taudem
1283 2011 1340 2049 ex·

247 2099 395 2181 pugusvit
415 2099 570 2176 Masisam,
597 2099 645 2159 elis
669 2099 804 2175 Saturni,
834 2099 948 2158 decimo
971 2099 1061 2159 tertio
1083 2093 1203 2173 septimi
1222 2090 1338 2167 menam,

247 2210 279 2262 et
291 2209 484 2282 posteaquam
498 2201 596 2280 gladio
613 2201 646 2260 in
662 2199 774 2259 incolas
787 2199 990 2278 desaeviisset,
1012 2200 1154 2282 parcebat
1171 2193 1298 2275 reliquis
1311 2201 1340 2252 et

249 2303 383 2385 captivos
398 2323 498 2364 secum
514 2305 545 2362 in
566 2303 710 2362 ditionem
730 2321 812 2360 suam
828 2303 970 2383 rapiebat.
1013 2303 1147 2361 Ducenta
1168 2297 1231 2357 lero
1247 2295 1338 2354 millia

246 2405 402 2466 bominum
414 2407 587 2466 numerabat
601 2405 682 2467 urbs.
726 2403 798 2464 lude
814 2406 900 2486 petiti
916 2407 1070 2464 Tarsenses
1083 2421 1115 2463 se
1128 2397 1340 2459 submittebant

246 2514 294 2580 et,
314 2506 519 2567 incolumitate
531 2505 670 2587 precibus
682 2503 857 2584 impetrata,
880 2506 1022 2585 emigrare
1037 2504 1110 2566 iussi
1125 2511 1205 2566 sunt,
1247 2501 1338 2560 Terra

245 2605 381 2686 merique
394 2607 603 2686 emigrantibus
612 2615 828 2687 prosecutores,
841 2627 858 2664 a
871 2607 979 2688 quibus
992 2607 1025 2666 in
1036 2616 1101 2666 tuta
1116 2607 1182 2666 loca
1202 2601 1338 2663 deduce-

245 2716 369 2784 rentur,
398 2709 565 2768 aflomano
587 2727 682 2788 usque
704 2707 743 2766 ad
764 2707 955 2769 Antiochiam
979 2709 1083 2770 additi.
1126 2706 1211 2768 Tarsi
1234 2705 1337 2766 sanum

245 2815 321 2866 tunc
335 2805 368 2867 in
382 2809 532 2868 stabulum
547 2807 640 2886 abiit,
662 2819 813 2888 suggestus
828 2811 860 2869 in
879 2812 996 2890 ignem3
1018 2812 1096 2872 urbe·
1106 2811 1172 2870 aliis
1183 2807 1291 2869 incolis
1304 2816 1335 2866 et

277 2971 304 3044 ’)
319 2973 364 3028 Cf.
381 2973 635 3046 emancupare
649 2979 676 3028 et
688 2973 740 3032 224
755 2975 903 3046 (interpret.
909 2978 967 3031 Lat.
983 2978 1068 3050 pete
1081 2982 1107 3031 et
1138 2975 1231 3044 .280.)
1258 2975 1335 3028 uise-

308 3052 427 3166 pteunsm
439 3046 521 3098 luisse
536 3045 710 3114 captivitatem
722 3047 780 3098 Abu
791 3075 805 3084 -
819 3047 910 3100 l'erasi
925 3049 977 3112 eit,
994 3056 1021 3101 et
1034 3064 1100 3101 anno
1113 2995 1211 3100 <lenum
1292 3061 1334 3098 so-

322 3121 405 3178 utam,
422 3129 496 3185 quum
510 3115 661 3184 perinutatio
674 3113 830 3183 captivorum
843 3115 969 3170 Romanos
984 3116 1052 3170 inter
1066 3123 1094 3168 et
1105 3115 1242 3169 ltlualemos
1259 3112 1333 3167 insti-

308 3187 432 3236 meretur.
467 3183 594 3237 Memorat
613 3183 745 3236 cedrenus
759 3185 857 3252 11:637
881 3185 990 3254 aliquem
1006 3185 1157 3248 Cbsbdani,
1175 3181 1216 3236 vel
1237 3182 1341 3236 rectius.

309 3247 464 3316 chandeu,
481 3252 508 3308 h.
521 3269 544 3304 e.
557 3251 732 3305 Hsmdanidue
744 3251 926 3307 sorebarnae
941 3255 1059 3318 attinean,
1076 3271 1150 3324 quem
1163 3247 1332 3322 Ἀπολασάηρ

307 3317 436 3385 appellet,
460 3327 562 3390 captum
585 3327 612 3372 et
631 3321 852 3393 Constantinopoli
874 3323 1024 3392 productum
1044 3324 1073 3376 in
1092 3323 1220 3392 triumpho
1242 3323 1331 3374 tuisse.

306 3383 432 3438 Diversus
441 3395 482 3440 est
494 3407 510 3441 a
522 3395 610 3442 nonno
624 3389 814 3456 Abu-Ferme,
831 3393 864 3443 (le
878 3393 950 3446 cuius
963 3392 1113 3462 captivitato
1127 3391 1234 3454 Graeci,
1251 3407 1331 3460 quau-

306 3456 1269 3594 tttflattt”titttt'tttttttinmittunt
1274 3465 1332 3582 ,ii

305 3590 420 3660 appellat
431 3591 632 3658 Abulaeejirum,
648 3594 727 3648 filium
746 3595 860 3664 llaseni,
879 3600 1003 3652 vicarium
1019 3598 1215 3661 Seifeddsulae,
1233 3597 1329 3651 scilicet

305 3655 332 3712 iu
346 3673 406 3711 arce
420 3659 470 3712 Tel
484 3647 716 3732 -l’utriceumque
729 3664 868 3720 incarcere
883 3667 1103 3739 Constantinopoli
1116 3665 1279 3738 penituerit.
1293 3665 1327 3720 R.

303 3725 493 3789 Quadriesmen
504 3730 679 3798 captivitatem
684 3733 847 3787 Abu-Formi
855 3737 946 3801 tuisse,
954 3745 1043 3790 auctor
1051 3735 1223 3792 estAbulteda
1228 3735 1328 3860 &4973

302 3795 503 3936 iimpllaluboe1
505 3799 548 3921 3180
564 3799 743 3924 ¹Asius-lismaco
762 3819 829 3872 quae
849 3813 972 3860 mmotant
991 3805 1032 3860 Cl.
1053 3805 1159 3874 Freiteg
1173 3804 1207 3860 ad
1250 3805 1282 3860 el.
1294 3822 1327 3860 ex

267 3961 305 4033 ”J
322 3964 463 4022 Confundit
474 3975 561 4024 nostor
575 3969 600 4024 b.
620 3971 638 4025 l.
652 3976 768 4042 tempora
778 3979 806 4027 st
824 3974 945 4030 homines.
979 3977 1112 4032 Debuerat
1131 3977 1245 4036 dixisse:
1261 3998 1326 4036 sunu

299 4033 353 4090 860
362 4035 474 4122 (Christi
491 4039 557 4108 969)
572 4047 699 4110 peremtus
710 4043 762 4096 tuit
773 4043 900 4099 Romunue
917 4048 1056 4117 imperator
1068 4049 1246 4120 (Nicephorius
1257 4051 1325 4106 Pbo-

299 4103 358 4170 ces)
376 4112 404 4158 et
418 4125 462 4176 qm
481 4108 604 4163 hactenus
618 4109 778 4166 Domesticus
794 4113 894 4178 fumet,
917 4117 1025 4170 loannes
1043 4118 1201 4186 Teimisoes,
1224 4121 1252 4174 iu
1271 4121 1325 4173 siue

296 4169 519 4301 bubum&
532 4179 621 4304 Elim
632 4179 770 4249 Romnum,
787 4181 929 4254 Nicephori
940 4192 1096 4252 antecessor,
1112 4189 1259 4245 tendutur
1271 4189 1324 4244 uta
