2802 4624
265 221 376 361 sse
568 259 973 359 o.ni1ssunorsu
1065 291 1108 379 j

266 441 432 530 ποιηνιιρὶν
441 437 564 527 φιάχειν
576 441 628 508 παλ
642 438 889 527 παρεξελαύνειν,
908 461 998 503 sensu
1008 437 1134 523 prorsur
1148 441 1271 504 diverso
1284 463 1361 506 ver-

265 534 392 594 tendum
413 527 610 674 prszcetovehi.
658 529 702 594 De
723 547 808 597 voce.
837 526 1004 606 ἐπεξάλασις
1028 536 1059 588 et
1086 525 1266 605 άπεξὲλὰσις
1294 529 1362 623 diri

267 637 304 682 su
325 637 359 678 rs
373 621 443 684 199.
487 659 495 680 .

304 639 324 700 P
350 704 429 780 Pog.
452 700 522 770 153.
542 698 597 762 lits.
619 701 670 764 11.
689 689 903 780 προτροπάδην
917 687 1115 776 διιενάοιονν]
1137 697 1172 758 lu
1187 692 1250 756 boc
1263 697 1315 756 vel
1329 698 1360 757 iu

267 785 404 870 proxime
413 781 600 866 praecedenti
612 783 724 863 praelio
738 784 887 842 Romanos
900 780 985 841 iussu
998 780 1071 860 imp.
1083 781 1242 860 planitiem
1254 801 1358 842 versus

266 868 420 938 recessisse
440 869 590 933 Cedreuus
610 875 779 928 auctorest
800 866 838 927 ΙΙ.
854 869 926 932 680.
939 867 975 926 Β.
995 864 1052 924 Ubi
1064 865 1241 944 legendum,
1266 867 1359 929 edm

250 1019 254 1026 ,
268 957 313 1031 εἰς
322 948 463 1030 τοάιιλαω,
485 973 548 1012 non
561 947 648 1034 ἥκειν
664 973 689 1014 a.
704 973 729 1012 ι.
753 951 834 1029 quod
847 949 937 1010 habet
957 967 1069 1009 cusum.
1105 949 1182 1009 Item
1202 951 1236 1008 C.
1257 951 1315 1012 lin.
1329 958 1355 1018 2

265 1038 359 1103 codd.
381 1037 441 1097 fide
458 1037 554 1098 scribe
575 1035 710 1112 εἴκοντας
715 1079 724 1114 ,
744 1055 805 1095 non
826 1029 964 1118 ἥκοντας.
998 1027 1222 1118 Προιροπάδην
1236 1055 1302 1096 vox
1316 1045 1359 1094 ost

265 1121 410 1204 dgstbiae
424 1122 475 1192 34.
492 1121 527 1182 b
917 1130 923 1151 ¹

348 1203 427 1268 Ibid.
448 1208 501 1270 lin.
521 1211 572 1274 22.
592 1199 782 1288 Λὲγετοιιδλ]
812 1201 893 1262 Haec
915 1220 1010 1284 usque
1032 1201 1071 1260 ad
1093 1201 1130 1264 0.
1156 1205 1221 1266 τάν
1243 1195 1358 1280 ὀφθαλ-

130 1311 133 1324 ·
197 1343 200 1348 .
290 1294 335 1355 οἷν
354 1289 544 1351 Combefisius
564 1289 656 1349 vertit
674 1284 721 1368 tp.
737 1288 807 1367 Peg.
827 1287 876 1347 tv.
892 1289 943 1362 32,
965 1285 1015 1366 qui
1031 1286 1136 1346 ultima
1150 1285 1227 1346 mire
1241 1286 1291 1347 sic
1302 1287 1357 1346 bs-

80 1371 86 1391 '
264 1315 332 1438 bots
354 1387 382 1435 et
396 1379 430 1434 ιἰι
444 1395 511 1437 eum
521 1371 646 1433 niodum
662 1392 770 1453 equum
786 1391 821 1432 es
834 1373 967 1450 virginis
978 1371 1077 1429 oeulis
1093 1372 1246 1449 evolasse,
1266 1373 1357 1432 credo

267 1460 351 1542 qnod
365 1460 475 1540 legeret
488 1459 522 1519 in
540 1460 670 1518 Graeco:
690 1455 743 1523 ιιαλ
757 1451 836 1523 οὕτω
855 1453 907 1522 τὸν
920 1456 1015 1522 iussos
1030 1448 1208 1536 άποπιῆνιιι.
1243 1455 1283 1516 Iu
1298 1458 1356 1517 (lo-¹

266 1543 335 1612 dice
349 1545 505 1607 manifesto
521 1552 566 1604 est
580 1537 687 1605 ducos.
967 1589 972 1598 .

350 1632 430 1709 Peg.
452 1627 524 1702 165.
544 1627 600 1690 Ιίπ.
620 1619 931 1711 Mgusssocyeyosoie
943 1619 1185 1705 ιιαλιιαιαβελιὶς]
1211 1621 1291 1686 Vide
1302 1644 1354 1684 su-

265 1729 323 1801 pra
336 1713 428 1857 511111.
451 1795 505 1856 Ιίιι.
526 1795 577 1861 21.
597 1790 647 1862 ἐπὶ
659 1789 714 1879 τῷ]
732 1793 868 1852 Fortasse
885 1785 934 1872 ἐφ’
948 1783 974 1879 ᾧ
981 1839 990 1868 ,
1011 1787 1093 1874 quod
1104 1791 1193 1852 babet
1208 1791 1269 1852 boc
1284 1815 1350 1854 seu-

265 1900 305 1943 su
317 1888 348 1941 et
361 1881 426 1962 ipse
441 1877 500 1940 Leo
514 1881 566 1946 37.
579 1878 612 1940 Β.
634 1875 826 1977 etAgethias
840 1881 891 1945 11.
905 1879 940 1937 t.
958 1879 1008 1946 65.
1027 1880 1061 1938 0.
1087 1877 1156 1944 142.
1178 1876 1213 1937 Δ.
1235 1879 1350 1938 tametsi

174 1984 179 1994 ¹
266 1963 317 2031 tut
331 1967 376 2028 ssi
391 1965 502 2024 Graece
515 1963 678 2041 aequedics
689 1979 776 2046 posse
789 1969 916 2027 constet.
945 1961 1130 2043 VideViger.
1147 1963 1191 2023 De
1209 1962 1347 2027 idiotism.

266 2049 338 2118 eut„
353 2027 521 2112 nomana.
536 2051 609 2115 ns.-
625 2047 657 2109 o.

138 2144 140 2153 ’
348 2135 427 2214 Peg.
450 2134 520 2202 156.
544 2133 600 2213 lin.
623 2135 675 2198 11·
695 2129 729 2195 ds
741 2135 803 2195 cois·
817 2124 962 2211 ἑξήκοντα
979 2123 1133 2212 χιλιάδων]
1153 2130 1231 2192 Nots
1244 2131 1277 2191 in
1292 2133 1347 2192 Co-

265 2217 333 2283 dice
348 2228 379 2279 et
396 2218 448 2278 hic
464 2227 494 2278 et
506 2237 597 2298 supra
608 2215 660 2283 47.
675 2216 706 2275 C.
720 2217 862 2296 χιλιαδαῖν
877 2215 981 2293 scribi,
1002 2216 1074 2275 item
1093 2221 1124 2282 7.
1143 2216 1174 2275 C.
1187 2219 1343 2297 μοριοδοῑν,

264 2323 329 2364 uon
340 2302 405 2364 sine
413 2303 510 2383 aliqua
523 2299 701 2364 auctoritate
709 2301 800 2366 codd
815 2321 884 2360 mss.
905 2302 979 2361 Num
990 2299 1021 2359 in
1035 2299 1219 2361 editionibus
1232 2302 1342 2382 quiden

154 2388 188 2444 Ρ.
202 2389 255 2450 247
268 2389 379 2468 ubique
398 2382 607 2469 παροξυτόνως
620 2385 730 2466 legitur
745 2385 892 2464 genitivus
906 2385 1028 2464 pluralis
1048 2383 1155 2446 barum
1176 2405 1276 2448 recu:
1297 2409 1344 2466 μυ·

266 2466 381 2554 ριάδων
408 2469 586 2549 Plutarchus
606 2470 730 2530 Lucuilo
752 2471 822 2536 619.
844 2470 881 2531 Β.
902 2469 1045 2528 Cicerone
1066 2471 1137 2536 864.
1162 2471 1200 2532 D.
1223 2473 1294 2538 888„
1314 2471 1342 2530 Β.

266 2557 360 2617 Galba
382 2560 472 2622 1060.
491 2553 525 2615 Ε.
548 2552 635 2614 Philo
652 2555 694 2612 De
713 2552 933 2632 agricult149.
953 2554 989 2616 G.
1006 2549 1147 2632 χιλιάδων
1160 2555 1277 2614 Nicetes
1292 2557 1344 2614 Ps-

263 2639 373 2723 phlago
387 2639 423 2698 in
436 2641 466 2698 S.
479 2638 627 2698 Andreum
641 2638 745 2718 Apost.
759 2636 830 2705 142
843 2636 878 2696 A.
891 2637 1016 2698 Ioannes
1030 2639 1231 2717 Cyparissiots
1243 2643 1344 2700 Treue-

148 2727 155 2765 '
263 2723 462 2822 gressionibus
476 2721 654 2803 palamiticis
673 2723 726 2789 25.
743 2723 775 2782 G.
795 2721 847 2781 aed
868 2722 902 2782 in
915 2719 962 2782 his
979 2721 1054 2802 ipsis
1068 2722 1143 2782 locis
1158 2723 1252 2784 codd.
1275 2744 1343 2803 quos

264 2807 399 2888 inspexi,
421 2807 495 2872 mire
512 2806 638 2872 variant.
680 2806 725 2866 Ita
739 2805 886 2883 rideant„
897 2805 949 2885 qui
968 2805 1123 2868 interiores
1136 2817 1303 2868 scrutentur
1317 2817 1344 2867 et

263 2891 434 2955 reconditus
448 2891 573 2953 Graecas
583 2890 705 2966 litteras,
720 2889 845 2972 quidde
860 2898 986 2950 accentu
996 2890 1257 2954 borumvocnnsiu
1269 2894 1345 2971 geui-

262 2976 328 3039 tiro
344 2975 455 3060 plurali
466 2974 653 3036 statuendum
666 2973 722 3038 sit:
743 2993 813 3036 uum
825 2984 971 3056 quantum
983 2985 1054 3036 aunt
1072 2975 1155 3036 tenui
1170 2979 1343 3041 auctoritate

263 3061 359 3125 Codd.
380 3059 444 3143 (vix
464 3058 683 3139 anh’quissimos
706 3055 836 3140 excipio)
856 3059 908 3120 ubi
928 3059 1105 3139 scriptiones
1126 3079 1184 3140 per
1203 3082 1249 3139 ss,
1269 3086 1295 3139 ι,
1315 3087 1341 3141 η,

264 3167 308 3222 οι,
329 3169 349 3208 ο
363 3145 396 3206 iu
412 3145 537 3208 dubium
550 3152 713 3221 vocentur,
732 3152 850 3206 tentum
863 3143 981 3226 pondus
991 3143 1113 3221 babent,
1134 3143 1210 3208 side
1221 3151 1342 3226 gsuuiua

262 3239 438 3294 secentuum
456 3229 526 3290 aede
547 3228 695 3291 consules.
728 3227 823 3290 Voces
842 3229 946 3312 μορίαι
963 3223 1119 3308 μυριάδας,
1140 3230 1342 3310 fiaquentiui-

264 3331 331 3372 mse
356 3313 389 3371 in
410 3313 529 3393 hymnis
550 3311 640 3373 sacris
666 3313 862 3388 Graecorum,
894 3314 979 3374 velut
1003 3311 1132 3391 Liturgia
1158 3317 1187 3376 S.
1211 3315 1342 3393 Gregorii

225 3404 228 3411 ’
254 3391 468 3466 „Alexandrina
490 3397 560 3464 100.
580 3397 616 3462 Α.
634 3396 764 3475 Liturgia
781 3400 817 3457 D.
837 3397 930 3458 Marci
950 3395 1022 3466 158.
1038 3398 1072 3458 B.
1085 3397 1217 3478 aldsiquo
1228 3401 1340 3480 passim,

263 3499 335 3540 cum
354 3480 389 3541 ub
403 3482 508 3541 Euseb.
523 3479 715 3557 Renaudoto,
735 3491 801 3542 tum
816 3481 853 3540 eb
871 3482 980 3542 Iouuue
996 3502 1013 3543 ιι
1030 3484 1059 3542 S.
1075 3480 1194 3542 Andrea
1213 3483 1341 3563 aliisque,

264 3563 354 3624 modo
365 3564 530 3626 redduntur
542 3565 638 3624 decies
649 3566 732 3624 mille
745 3567 884 3643 milleno,
905 3565 1010 3642 modo,
1031 3575 1066 3630 ut
1080 3566 1193 3646 Liturg.
1205 3569 1241 3634 D.
1256 3569 1341 3628 Marci

265 3647 336 3719 164.
350 3646 386 3713 Δ.
402 3645 496 3712 decies
509 3649 619 3712 millies
633 3661 754 3710 centeno
769 3651 880 3714 millia.
908 3651 1009 3710 Scribe
1023 3651 1149 3732 ubique,
1170 3649 1268 3712 decies
1277 3644 1341 3712 mit

177 3731 179 3739 ’
237 3731 323 3794 ulier
344 3729 421 3790 deno
441 3733 562 3796 millia:
591 3751 662 3790 nam
682 3735 785 3816 μορίαι
804 3729 944 3815 μυριάδες
965 3734 1128 3796 conficiunt
1147 3746 1284 3816 centum,
1309 3745 1340 3798 ui

261 3813 352 3893 vulgo
364 3815 529 3896 loquimur,
549 3817 706 3882 milliones.
732 3819 838 3882 diendo
850 3817 932 3880 haud
943 3818 1072 3882 absimili
1084 3821 1164 3902 apud
1177 3821 1338 3883 Continuat.

262 3893 416 3960 Constant.
431 3899 576 3984 Porpbys·
588 3904 642 3968 37.
661 3901 694 3963 Β.
708 3894 836 3979 χιλιάδες
846 3899 922 3966 ’δέκα
940 3904 1077 3966 redditur
1097 3902 1256 3969 duodecim
1273 3907 1339 3966 mil-

261 3977 355 4042 lium:
383 4003 440 4063 quo
463 3985 572 4044 suendo
592 3984 738 4054 versionis
759 3985 881 4047 betium
897 3989 938 4049 Le
956 3989 1053 4064 beau,
1074 3998 1110 4052 ut
1127 3995 1263 4071 semper,
1283 3994 1338 4052 Iss-

261 4070 355 4126 etos're
371 4067 520 4132 etc.X1V.
540 4066 612 4134 874.
632 4068 664 4132 G.
676 4068 708 4127 in
726 4089 855 4132 errorem
874 4071 1016 4136 inductus
1033 4083 1087 4134 cst.
1129 4073 1238 4138 Obiter
1250 4077 1338 4137 adds·

260 4169 327 4209 snua
339 4151 458 4212 Lexicis
468 4149 557 4212 vooei
570 4160 631 4210 tres
646 4154 823 4232 compositas
839 4175 908 4216 cum
922 4158 1015 4238 χλλιος
1022 4201 1032 4236 ,
1054 4155 1193 4219 undecim
1209 4180 1279 4221 cum
1290 4153 1337 4242 μά·

260 4252 342 4312 ριος,
361 4235 511 4314 nondum,
530 4234 777 4332 utmibistatuo,
796 4248 931 4306 notetuss
954 4231 996 4324 1.)
1016 4237 1279 4330 Menedemus,
1297 4248 1336 4304 ia
