2786 4620
312 321 372 389 AD
388 321 675 408 NICEPHORUM
695 321 891 428 PHOQM.
1075 319 1147 392 361

67 482 138 543 ono
165 479 199 542 in
220 478 305 540 nullo
333 478 481 559 dispares,
509 490 642 561 tempora
667 481 809 542 distantes
829 490 960 558 tantum,
982 481 1070 542 simul
1091 483 1149 546 hoc

64 583 214 667 praesenti
227 591 359 662 tempora
373 581 612 643 exterminabunt
627 604 785 663 onagrum,
805 584 838 644 id
852 594 895 646 est
907 583 1070 646 silvestrem
1089 587 1150 646 asi-

64 707 139 747 num
153 685 371 766 Nicephorum:
394 683 447 762 qui
459 704 522 744 non
533 685 695 763 incongrue
710 686 837 748 silvestri
853 685 935 746 asino
954 698 1151 767 eomparatur,

65 789 230 850 obvanam
250 795 281 846 et
303 784 423 846 inanem
443 786 582 864 gloriam,
607 788 811 867 incestumque
836 788 978 848 Dominae
1001 797 1031 848 et
1060 790 1150 848 Com-

64 890 169 951 matris
192 908 262 949 suae
285 887 465 966 coniugium.
507 890 537 948 si
558 910 666 969 onager
686 891 742 950 iste
759 910 840 950 nunc
859 909 876 948 a
896 889 981 948 leone
1002 898 1032 948 et
1051 892 1179 952 catulote

65 1001 173 1053 nostro
195 991 320 1063 Ottone,
340 998 371 1048 et
390 990 516 1068 Ottone,
537 1003 621 1072 patre
637 993 768 1069 scilicet,
790 1001 819 1052 et
839 990 918 1068 filio,
937 991 1075 1069 Augustis
1090 994 1153 1052 llo·
1190 1059 1192 1064 ¹

65 1113 226 1154 manorum
237 1090 465 1172 Imperatoribua
477 1095 688 1155 exterminatus
699 1115 761 1156 non
778 1094 882 1170 suerit,
904 1113 960 1152 neo
975 1095 1057 1172 quod
1074 1093 1154 1174 Hip-

66 1195 193 1275 polytus
212 1192 328 1274 scripsit
345 1213 448 1254 verum
463 1196 537 1258 erit:
557 1199 738 1258 Graecorum
761 1198 838 1258 enim
857 1196 910 1254 ille
925 1195 1062 1274 superior
1077 1195 1155 1254 abii·

67 1296 173 1356 cienda
186 1294 391 1376 interpretatio
405 1285 459 1356 eat.
502 1299 575 1375 Sed,
598 1319 616 1358 o
631 1301 699 1394 lesu
713 1301 807 1375 bone,
833 1299 912 1358 Deua
925 1305 1040 1357 aeterne
1048 1341 1058 1374 ,
1077 1297 1153 1358 Ver-

66 1397 140 1458 bum
158 1387 273 1474 Patria,
293 1396 345 1476 qui
360 1397 445 1458 nobis
460 1399 590 1478 indignis
609 1401 741 1480 loqueris
760 1419 823 1459 non
845 1418 938 1472 voce,
958 1398 1010 1458 sed
1023 1399 1155 1478 inspira-

67 1499 167 1570 tione,
187 1500 302 1559 nnllam
318 1499 403 1558 alium
414 1499 698 1581 interpretationem,
717 1523 803 1580 quam
816 1519 910 1562 meam
923 1500 955 1558 in
969 1497 1026 1559 bec
1035 1510 1156 1561 senten-

68 1599 110 1660 tia
123 1599 207 1663 velis.
247 1600 319 1661 lube
338 1610 374 1662 ut
385 1602 433 1662 leo
456 1611 485 1662 et
506 1604 624 1664 catulus
646 1603 698 1662 isti
715 1602 798 1662 buno
817 1600 1030 1690 exterminent,
1051 1611 1081 1662 et
1093 1601 1155 1662 bu-

67 1701 184 1762 milient
204 1723 345 1781 onagrum
365 1722 507 1784 corpore,
529 1715 673 1784 quatenus
690 1704 725 1764 in
747 1723 777 1764 ae
794 1723 947 1779 reversus,
966 1703 1152 1783 dominisque
1168 1707 1263 1766 cota
1364 1689 1367 1694 Α

68 1803 130 1862 auis
155 1803 265 1864 basilio
287 1813 317 1864 et
339 1805 533 1866 Constantino
554 1805 784 1886 imperatoribus
804 1804 957 1882 subditus,
977 1805 1010 1865 in
1028 1805 1075 1866 die
1091 1807 1154 1866 Do-

66 1903 142 1964 mini
160 1905 284 1986 spiritus
306 1906 347 1966 sit
367 1909 476 1969 amaus.
520 1908 577 1968 Sed
595 1906 766 1968 Astronomi
783 1905 844 1966 boc
866 1907 944 1966 idem
965 1906 1001 1967 de
1018 1907 1101 1970 vobio
1123 1917 1153 1969 et

66 2007 234 2087 Nicephoro
249 2010 475 2090 praenuncient.
509 2011 576 2086 lies,
594 2009 721 2090 inquam,
737 2009 820 2072 mire.
856 2009 929 2068 Cum
947 2009 1074 2088 quodem
1088 2031 1154 2070 sum

66 2107 188 2168 locutus
201 2109 393 2189 Astronomo,
416 2112 467 2192 qui
478 2120 627 2188 vestram,
647 2110 764 2170 Domini
779 2109 838 2170 mei
849 2110 990 2190 Augusti,
1012 2113 1152 2191 aequivo-

70 2207 158 2288 cique
170 2211 262 2270 veatri
281 2213 402 2292 Augusti
422 2214 563 2290 sormam,
584 2233 695 2290 mores,
719 2221 754 2272 ut
768 2220 854 2284 sunt,
874 2231 945 2272 vare
962 2212 1039 2272 dixit
1046 2235 1054 2287 3
1078 2232 1152 2272 cun-

69 2308 178 2389 ctaque
209 2331 272 2372 mea
294 2315 453 2395 praeterita
482 2315 566 2395 quasi
593 2313 759 2396 praesentia
784 2312 871 2374 dixit.
919 2314 982 2372 Neo
1002 2313 1154 2393 praeteriit

68 2410 225 2490 quisquam
240 2415 416 2496 amicorum,
439 2419 490 2478 uel
503 2417 707 2496 inimicorum,
730 2415 766 2474 sle
780 2413 888 2493 quibus
900 2433 982 2474 mena
996 2413 1070 2474 mihi
1081 2435 1153 2494 sug-

67 2517 159 2594 gessit
177 2527 214 2578 ut
233 2517 461 2597 interrogarem,
485 2519 569 2578 cuius
590 2518 740 2593 habitum,
762 2516 888 2574 formem
910 2526 940 2575 et
967 2537 1063 2578 mores
1091 2537 1153 2576 non

68 2617 187 2679 diceret.
228 2619 385 2701 Quidquid
396 2621 570 2680 calamitatis
588 2619 662 2680 mibi
676 2619 734 2678 boc
748 2617 782 2676 in
799 2617 906 2680 itinere
920 2617 1048 2699 accidit,
1070 2621 1152 2680 sutu-

67 2739 138 2781 rum
162 2741 223 2780 esse
247 2721 405 2801 praedixit.
456 2723 501 2782 Sit
527 2722 713 2784 mendacium
740 2739 827 2780 omen
855 2718 913 2799 ³¹),
950 2722 1030 2800 quod
1057 2721 1182 2797 dixit3B

68 2841 177 2894 unum,
198 2843 322 2902 quaeso,
350 2824 537 2884 solummodo
568 2824 609 2883 sit
629 2842 749 2898 verum,
771 2821 854 2898 quod
871 2842 927 2882 vos
943 2843 1004 2882 esse
1024 2824 1156 2884 facturos

67 2923 237 3004 Nicephoro
250 2924 409 3006 praedixit,
430 2923 619 3000 taruenna,
641 2923 755 2984 utinum
769 2923 831 2997 fiat,
853 2933 882 2982 et
895 2933 959 2982 tum
972 2924 1016 2983 nil
1028 2946 1074 2984 rno
1087 2925 1156 2984 mali

68 3045 190 3106 passum
205 3047 266 3092 esse
281 3024 452 3102 intelligam.
474 3025 581 3085 Scribit
593 3023 679 3084 etiem
694 3027 844 3104 praelatus
857 3025 1048 3106 Hippolytus,
1062 3028 1155 3085 Grae-

70 3148 121 3187 cos
139 3149 202 3189 non
215 3127 319 3187 debere
334 3129 512 3204 Saracenos,
532 3126 584 3186 sed
602 3126 731 3186 Francos
755 3134 920 3188 conterere:
947 3147 1005 3204 qua
1029 3128 1156 3187 lectione

70 3229 208 3289 Saraceni
228 3229 364 3304 animati,
385 3237 452 3288 ante
470 3228 633 3288 triennium
656 3246 722 3287 cum
741 3228 876 3287 Manuale
898 3229 1046 3306 Patricio,
1066 3231 1155 3290 Nice-

69 3328 159 3409 phori
172 3340 294 3410 nepote,
313 3331 401 3390 iuxta
424 3331 553 3411 Scyllam
573 3337 603 3388 et
624 3327 803 3408 Charybdim
819 3330 850 3387 in
867 3331 941 3390 mari
954 3330 1069 3406 Siculo,
1090 3331 1155 3391 bel-

70 3431 134 3490 lum
149 3441 274 3512 perant,
297 3433 383 3492 cuius
402 3431 560 3492 immensas
581 3430 682 3510 copiae
704 3453 772 3492 oum
794 3432 1037 3512 prostravissent,
1058 3433 1156 3515 ipsum

70 3533 374 3612 comprehenderunt,
404 3533 559 3615 capiteque
584 3542 725 3592 truncum
742 3529 787 3614 ³²)
816 3534 1044 3615 suspenderunt:
1071 3535 1156 3595 ouius

69 3633 184 3692 socium
200 3644 229 3694 et
241 3636 472 3696 commilitonem
487 3656 555 3695 cnm
569 3644 725 3715 caperent,
746 3637 798 3716 qni
810 3637 944 3698 neutrius
957 3647 1020 3698 erat
1034 3638 1155 3716 generis,

70 3735 208 3794 occidere
227 3747 300 3798 sunt
321 3735 489 3816 dedignati,
511 3737 563 3796 aed
583 3729 719 3798 vinctum
740 3759 775 3800 ec
797 3741 885 3819 longa
908 3739 1042 3800 custodie
1061 3758 1158 3798 mace-

68 3846 170 3898 ratum
187 3838 263 3898 tanti
279 3838 494 3910 vendiderunt,
517 3839 619 3918 quenti
638 3857 695 3898 nec
715 3840 812 3899 ullum
825 3841 995 3901 huiusmodi
1016 3841 1183 3903 mortalesc

69 3939 134 3998 sani
156 3939 263 4020 capitis
282 3947 419 4000 emerent.
461 3939 522 4000 Nec
543 3939 701 4000 infirmiori
723 3940 841 4019 animo,
868 3941 967 4002 eadem
991 3940 1158 4002 confirmati

68 4039 207 4118 lectione,
228 4039 310 4102 baud
322 4041 419 4103 multo
431 4051 500 4122 poet
514 4041 651 4123 Magistro
665 4043 873 4105 Exarcbontae
887 4053 1058 4120 occurrunt,
1071 4061 1157 4122 quem

104 4239 153 4310 dl)
170 4239 243 4298 Fert
260 4257 342 4297 omos.
364 4231 441 4298 Con·
512 4242 560 4310 82)
576 4241 647 4298 Fert
664 4249 817 4298 immotam
831 4197 921 4296 'Mon
