2802 4624
352 333 398 406 ΙΝ
417 333 573 404 LEONIS
593 332 775 406 DlACONl
794 333 870 406 Ias.
890 335 932 405 X.
1103 327 1180 403 505

84 491 167 554 ricae
182 491 215 551 in
229 491 375 569 tenebris,
396 502 432 552 ut
447 493 490 551 ita
505 491 619 570 dicam,
639 493 755 552 iacente
775 491 813 551 ab
834 511 861 558 a.
879 493 956 568 950,
989 487 1069 554 oir'ea
1088 515 1178 574 quem

86 579 300 637 Constantinus
309 577 589 658 Porphyrogenneta
604 577 731 658 scripsit,
740 595 832 657 usque
847 578 884 636 ad
898 578 1028 638 colonias
1038 581 1179 640 Ganuen-

83 663 164 722 sium
179 664 211 722 ia
227 662 282 724 hos
294 673 408 724 tractus
424 682 500 722 saec.
513 681 582 722 xsn.
595 662 744 723 deductas.
786 665 942 742 Speremus
959 673 1047 742 certe,
1068 683 1179 725 usus-

85 749 127 806 sis
144 769 198 828 per
214 749 285 806 olias
301 746 497 806 bibliothecas
510 746 605 805 codd.
622 748 743 808 Graecis
758 747 848 807 medii
864 747 939 824 sevi,
957 747 1056 808 lucem
1067 769 1178 810 novam

83 831 158 892 hnic
173 853 293 911 quoque
307 831 450 890 historiae
462 832 540 911 parti
553 831 685 892 oblatum
698 832 749 892 iri:
769 832 861 912 idque
872 841 906 892 ut
919 832 1101 893 confidamus
1113 836 1178 894 lora

85 919 203 978 iaciunt
219 919 266 976 ltt
287 917 410 976 Comitis
428 917 551 976 Νίοοίαι
563 915 600 974 de
611 917 800 998 Rorianmff
804 916 1038 995 magnificentia,
1066 919 1178 980 libera·

82 1003 183 1081 lisque
202 1023 236 1060 se
250 1021 409 1080 generosus
426 1001 539 1060 animus
547 1047 557 1078 ,
580 1022 640 1082 quo
656 1003 796 1062 incitatus
816 1022 886 1062 cum
899 1003 1027 1082 reliquas
1043 1002 1177 1084 discipli·

83 1109 141 1146 nus
154 1107 255 1146 omnes
267 1087 350 1147 fovet
355 1131 364 1164 ,
386 1095 448 1146 tum
463 1086 590 1146 maxime
604 1087 759 1148 historiam
775 1087 890 1168 patriae
903 1088 1080 1170 locupletari
1092 1089 1178 1171 eupit

84 1183 117 1232 et
132 1171 241 1232 ornari.

168 1259 250 1336 Pag-
273 1257 343 1322 175.
360 1255 419 1315 tin.
442 1259 492 1322 16.
514 1238 565 1318 not
583 1247 677 1336 αὕτην
690 1251 747 1336 τήν
763 1257 836 1336 μίαν
848 1249 1000 1336 ἐπιτολήν]
1022 1257 1096 1336 Lege
1107 1251 1206 1322 κατὈ

85 1335 198 1419 νηίτην·
223 1361 291 1400 nam
312 1361 350 1399 ex
367 1341 638 1422 praepositionibus
657 1341 742 1399 nulla
767 1342 828 1399 fere
843 1349 904 1398 tum
922 1341 998 1400 male
1016 1361 1033 1400 a
1048 1343 1177 1403 librariis

81 1436 135 1486 ,est
152 1426 252 1484 habita
275 1447 362 1505 quam
384 1422 476 1498 τατιῖ,
499 1428 647 1505 modoque
669 1425 786 1502 obsigli
807 1423 1122 1504 siremonooondylii,
1143 1437 1179 1487 ut

84 1521 197 1572 vocant
220 1512 342 1588 Graeci,
378 1511 602 1570 similitudinem
633 1530 702 1568 oum
729 1509 852 1570 vocibus
878 1508 947 1585 καὶ,
968 1507 1062 1586 κακοί,
1086 1505 1178 1588 καίτοι,

85 1593 160 1677 μετὰ
183 1599 323 1671 contuso,
343 1596 432 1655 modo
456 1615 525 1656 eum
548 1595 695 1657 vocabulo
711 1595 847 1674 proxime
865 1595 998 1674 sequenti
1018 1614 1177 1673 coagmen·

84 1691 162 1756 tata,
186 1702 272 1741 secus
291 1691 380 1760 atque
393 1690 560 1761 oporteret,¹
588 1680 677 1738 Velut
692 1679 823 1756 (aderam
839 1679 936 1759 primo
952 1681 1087 1760 exempla
1102 1699 1179 1738 con-

84 1767 168 1827 fusae
187 1767 238 1828 ναὶ
252 1776 282 1825 et
295 1762 390 1843 κατά)
410 1766 495 1826 Actis
511 1767 600 1827 Cone.
616 1765 695 1828 Flor.
711 1766 763 1825 lx.
783 1768 852 1830 182.
866 1765 900 1825 B.
914 1758 1027 1843 ὀφείλει
1040 1769 1179 1827 νοεῖσθαι

83 1851 137 1914 ταί
158 1847 209 1912 τὸν
227 1855 304 1914 νοῦν
324 1852 454 1926 ἐκεῖνον,
478 1861 558 1912 certo
579 1851 705 1924 certius,
727 1849 785 1928 legi
806 1849 913 1909 debere
939 1846 1013 1911 nard
1031 1845 1082 1912 aiv
1101 1854 1180 1912 νοῦν
1256 1883 1259 1890 .

82 1936 208 2001 irrisor.
240 1937 314 1994 ltem
328 1937 532 2014 Supplement.
548 1935 755 1994 commentarii
771 1937 800 1994 S.
816 1934 968 1994 Athanasii
982 1935 1016 1994 in
1031 1935 1179 2010 Psalmm,

83 2041 101 2080 a
118 2021 350 2080 hlontetalconio
365 2020 470 2094 editis,
491 2019 527 2077 Il.
545 2023 595 2084 80.
610 2019 642 2076 C.
659 2015 702 2098 μή
715 2015 791 2080 κατὰ
804 2015 896 2098 νόμον
908 2023 1027 2095 ζῶντος,
1041 2013 1114 2082 tttd
1127 2018 1179 2082 aab
1218 2035 1221 2044 ¹

83 2103 213 2183 ἔθνικιὶν
225 2105 276 2165 καὶ
292 2100 481 2184 βαρβαρικήν
496 2097 641 2182 ω’μότητα,
660 2103 733 2179 lege,
749 2097 823 2164 titt
838 2099 922 2165 rusci.
945 2105 1038 2163 Porro
1055 2105 1085 2161 in
1095 2103 1179 2163 dotis

85 2193 118 2251 S.
138 2184 285 2247 Booincii
299 2191 371 2254 284.
386 2187 419 2246 B.
435 2181 512 2266 sitq
528 2185 560 2248 di
572 2189 671 2268 τρίτον
684 2180 823 2248 Κάνδιδα
835 2186 959 2268 ἔπραξεν
974 2185 1006 2250 ir
1023 2190 1061 2272 τῇ
1073 2181 1148 2265 'Pais
1170 2235 1179 2264 ,

85 2272 139 2337 καὶ
152 2265 349 2352 innoxiisque·
372 2273 506 2348 emenda,
528 2267 598 2334 κατ’
610 2265 813 2352 ἔπαρχότητα,
827 2281 857 2329 et
871 2280 963 2341 verte,
979 2282 1023 2329 ter
1037 2211 1182 2330 Canetici'a

86 2368 190 2439 egerat
209 2359 326 2417 Romae
345 2379 379 2414 ex
393 2368 557 2437 praetura,
579 2375 641 2415 non
661 2357 914 2436 expraefectum,
934 2364 969 2416 ut
988 2353 1079 2414 habet
1092 2365 1182 2416 vetus

85 2445 185 2504 versio
201 2444 314 2503 Latina.
337 2443 481 2503 Filiorum
497 2443 592 2519 enim,
613 2441 665 2520 qui
680 2442 833 2501 Praetores
848 2449 947 2512 erant,
967 2440 1087 2499 nomine
1101 2461 1181 2520 opu·

84 2528 221 2590 leus-illa
238 2528 354 2605 Aglaie,
377 2529 414 2587 de
438 2547 497 2606 qus
518 2527 577 2604 ibi,
605 2527 692 2585 ludos
712 2525 862 2602 ediderat,
890 2526 940 2604 qui
959 2525 1181 2605 aprsetoribus

85 2616 137 2676 vel
160 2612 365 2692 quaestoribus
386 2613 571 2689 candidatis,
595 2621 696 2672 sumtu
712 2611 848 2694 ipsorum
870 2610 946 2686 acti,
974 2609 1045 2670 inde
1066 2611 1208 2678 Caudi-1)

86 2699 126 2759 da
147 2698 338 2757 vocabantur.
380 2698 471 2757 ltloris
496 2707 592 2757 autem
609 2696 709 2772 fuisse,
723 2707 759 2756 ut
771 2705 879 2756 matres
893 2695 964 2757 filiis
977 2703 1091 2755 sumtus
1104 2715 1179 2775 sup-

85 2784 258 2865 peditarent
295 2782 332 2840 ad
358 2783 505 2842 eiusmodi
533 2801 690 2842 munerum
721 2781 898 2858 editionem,
932 2781 1023 2841 Heus.
1045 2779 1179 2840 Valesius

43 2869 46 2874 ’
87 2867 302 2930 demonstravit
316 2868 518 2946 Prolegomen.
537 2868 576 2926 ed
597 2866 712 2926 Possini
732 2867 800 2926 odit.
822 2865 971 2927 Passionis
995 2867 1045 2924 SS.
1068 2866 1178 2945 Perpe-

85 2965 156 3016 tuse
176 2963 206 3013 et
231 2953 395 3012 Felicitatis
418 2959 468 3019 10.
487 2953 522 3016 Δ.
579 2953 689 3012 Contra
717 2952 799 3033 apud
821 2951 949 3012 Manuel.
980 2951 1112 3009 Calecam
1136 2949 1179 3008 De

87 3039 213 3100 essentia
232 3047 263 3096 et
287 3037 459 3117 operatione
481 3038 518 3098 11.
542 3042 594 3104 21.
617 3038 650 3100 l).
678 3033 749 3110 τούς
770 3029 848 3118 παρ’
873 3029 975 3109 adroic
994 3031 1179 3115 κεκαθαρμέ-

86 3148 160 3198 νους
187 3118 262 3186 κατὰ
289 3127 350 3184 τοῖν
373 3117 518 3185 τοιούτων
543 3122 699 3202 ἐνεργειῶν
721 3115 938 3200 α’τιοτελέσματα
961 3114 1115 3191 οἰκτίστοις
1128 3115 1179 3179 καί

88 3207 212 3273 ἂίιτιστα
231 3202 461 3272 ἀποτελεῖσθαι·
491 3205 614 3266 dubium
637 3215 762 3264 nonest
782 3205 857 3282 quin
875 3205 1031 3280 legendum
1053 3202 1107 3278 sit,
1129 3201 1182 3264 rai

87 3291 124 3358 soi
146 3299 205 3356 reis
228 3288 392 3356 sororisant·
425 3301 454 3350 et
477 3291 509 3350 in
533 3289 750 3368 Prolegomenis
771 3288 976 3368 Hexaplorum
999 3287 1132 3365 Origenis
1154 3285 1178 3347 l.

91 3383 165 3445 101.
182 3379 214 3438 C.
229 3375 338 3458 μαθών
349 3373 406 3457 τὴν
418 3370 518 3439 αὐτῶν
530 3369 695 3450 διάλεκτον,
716 3369 791 3435 sari
805 3380 932 3454 στοιχεῖα
943 3372 1101 3454 ἑρμηνείαν
1114 3371 1182 3434 iav-

88 3467 133 3546 τῷ
147 3459 351 3541 η’ρμήνενσεν,
374 3463 438 3542 lege
452 3471 481 3522 et
495 3461 653 3538 distingue,
673 3454 730 3538 τὴν
744 3450 809 3520 usis.
824 3455 976 3520 διάλεκτον
990 3457 1041 3518 καὶ
1052 3454 1089 3519 τοί
1103 3474 1180 3518 oros-

89 3551 173 3628 χεῖα,
195 3545 352 3627 ἑρμηνείαν
369 3572 398 3610 κ.
413 3572 440 3609 τ.
460 3552 485 3609 λ.
506 3555 541 3605 ut
561 3545 600 3604 sit
620 3563 739 3618 sensus,
760 3562 822 3602 non
846 3554 881 3602 ut
900 3542 1038 3603 redditur
1057 3541 1090 3600 in
1107 3541 1180 3602 edit.

88 3631 267 3695 Itloutefalu:
283 3653 382 3692 eorum
391 3628 613 3712 [Hebraeorum]
629 3630 770 3708 linguam
783 3625 922 3704 edoctus,
944 3624 1108 3686 secandam
1123 3627 1179 3683 ete-

90 3727 206 3791 menta,
229 3713 264 3773 id
280 3727 323 3774 est
341 3716 384 3776 ad
400 3720 547 3792 litteram,
570 3716 843 3794 interpretationem
860 3711 972 3788 edidit,
994 3711 1047 3771 sed
1066 3711 1180 3790 potius,

90 3821 193 3862 earum
213 3801 353 3880 linguam
368 3812 396 3859 et
414 3805 533 3861 litteras
553 3799 693 3877 edoctae,
715 3801 986 3878 interpretationem
1002 3795 1062 3854 eibi
1074 3795 1181 3877 effecit,

90 3897 122 3949 et
143 3905 218 3966 quae
240 3895 420 3964 sequuntur:
445 3897 487 3947 est
508 3887 585 3946 enim
605 3885 719 3964 phrasis
741 3893 839 3944 susnta
860 3903 877 3943 e
901 3885 929 3946 S.
946 3879 1113 3962 Epiphanio
1139 3881 1180 3938 De

1 3995 2 4004 ¹
90 3993 163 4034 axx.
184 3972 356 4050 interprett.
375 3971 397 4033 l.
418 3975 467 4038 89.
485 3971 518 4032 t).
561 3971 648 4030 Unde
670 3969 806 4030 similiter
828 3967 1036 4046 corrigendum
1051 3962 1182 4024 Chroni-

92 4077 147 4120 oon
164 4056 304 4116 Paschale
317 4057 388 4123 050.
402 4057 433 4118 Β.
452 4055 498 4116 his
513 4055 586 4135 ipsis
600 4054 708 4124 verbis,
723 4050 780 4133 την
797 4047 899 4116 τιν’τοόν
913 4047 1083 4123 διάλεκτον,
1104 4041 1181 4109 κατὰ

92 4148 233 4220 στοιχεῖα·
255 4142 336 4221 lege,
356 4138 455 4204 καὶτιί
469 4161 510 4202 σι.
533 4140 618 4221 Apud
627 4137 836 4219 Theophanem
852 4158 943 4218 porro
957 4130 1181 4212 Chronograph.

93 4226 161 4292 144·
187 4227 220 4289 D.
267 4233 315 4312 Τῷ
339 4220 370 4289 d'
390 4220 472 4311 αι’τρῑ
497 4224 553 4288 ἔτει
575 4223 626 4288 καί
648 4221 685 4286 τοί
708 4219 786 4286 κακοί
809 4217 862 4285 τᾶν
882 4217 967 4302 ἅγιον
989 4214 1118 4298 Ἀρίθαν
1136 4247 1180 4262 -·
1196 4233 1293 4289 2250

92 4305 230 4394 ἐπράχθη
247 4310 310 4376 deso*
331 4315 392 4376 τοῖν
410 4309 593 4393 Ὁμηριτοῖν,
613 4310 806 4369 scribendum
821 4306 958 4384 videtur,
979 4299 1016 4368 sei
1033 4297 1109 4367 ιιατιί
1126 4299 1181 4366 τᾶν
