2786 4620
332 309 392 376 AD
411 311 697 382 'NICEPHORUM
714 313 906 383 PHOCAM.
1070 309 1143 382 363

2 492 3 496 ’
51 469 366 552 Tunceppositisunt
380 471 524 547 custodes,
540 471 590 550 qui
604 471 720 533 mihist
733 475 805 534 meis
821 475 936 535 adorno
949 496 1012 536 mea
1029 478 1141 538 exitum

51 575 259 657 prohiberent.
280 575 402 634 Latinae
408 574 527 652 linguae
539 595 691 655 pauperes,
703 577 754 656 qui
761 597 807 636 me
816 578 1062 656 eleemosynarum
1074 592 1172 658 gra-B

52 681 98 738 tia
112 678 267 755 adierunt,
284 675 565 757 comprehendentes
578 677 763 756 ceciderunt,
777 679 928 739 custodiae
939 679 1141 740 tradiderunt:

55 782 266 841 Graecolonon
281 797 389 854 nasum,
406 779 437 837 id
451 781 630 840 estGraecae
643 780 759 860 linguae
771 801 904 860 gnarum,
915 802 977 842 uon
988 785 1144 861 permitte-

53 882 130 940 bant
144 880 255 960 egredi,
270 881 373 940 saltem
390 891 427 940 ut
441 892 574 962 sumptus
589 893 706 959 emeret,
723 883 774 942 scd
786 905 891 944 cocum
905 885 1000 945 solum
1016 885 1142 944 Graecae

53 983 331 1061 linguaeignsnrms
348 983 399 1062 qui
407 983 624 1062 nonsignorum
632 984 789 1063 signis,sed
798 987 965 1064 digitorum,
974 1006 1028 1046 seu
1036 987 1141 1067 capitis

53 1086 183 1144 nutibus
196 1105 263 1144 cum
275 1085 430 1145 venditore
439 1095 554 1165 emptor
565 1086 757 1166 loquebatur;
772 1089 904 1168 tantique
918 1089 1047 1149 nummis
1063 1109 1142 1150 eme-

52 1189 111 1245 bat
124 1195 266 1266 quatuor,
288 1187 391 1264 quanti
404 1187 609 1248 Graecolonon
621 1190 774 1249 obsonium
785 1211 856 1250 uno.
898 1192 937 1252 Et
951 1213 1017 1252 oum
1030 1193 1144 1252 amico-

53 1309 125 1350 rum
141 1289 262 1368 qnidam
275 1298 421 1368 aromata,
442 1311 547 1370 panes,
568 1291 690 1367 vinum,
709 1313 798 1373 poma
818 1294 963 1367 mitteret;
985 1296 1048 1354 solo
1063 1315 1142 1354 cun-

55 1401 106 1450 cta
123 1391 300 1469 fundentes,
320 1394 446 1452 nuncius
467 1392 599 1473 colaphis
623 1393 692 1454 satis
717 1403 852 1454 oneratos
875 1395 1062 1455 dimiserunt.
1105 1395 1143 1455 Et

55 1495 120 1553 nisi
142 1494 243 1554 dirius
263 1494 357 1574 pietas
373 1503 506 1575 parasset
525 1495 558 1552 in
582 1505 743 1576 conspectu
766 1517 831 1556 meo
853 1516 982 1556 mensam
1001 1498 1143 1556 adversus

55 1617 125 1674 eos,
148 1597 199 1676 qui
211 1597 359 1656 tribulant
374 1616 437 1670 me,
457 1595 518 1656 un‘a
528 1596 602 1656 milri
612 1608 716 1678 parata
731 1619 810 1658 mors
826 1601 904 1658 foret
917 1608 1047 1679 accepts.
1085 1595 1143 1656 Sed

57 1699 111 1777 qui
129 1699 266 1779 permisit
285 1699 409 1774 tentari,
433 1699 516 1758 dedit
527 1707 602 1758 tuno
619 1699 849 1760 misericorditer
869 1702 940 1782 pati.
989 1701 1143 1760 Huiusce-

54 1801 140 1862 modi
154 1821 202 1861 me
212 1801 379 1883 periculum
393 1803 524 1862 secundo
536 1788 687 1862 Nonarum
698 1802 775 1861 lunii
791 1822 881 1881 usque
896 1803 935 1863 ad
949 1812 1064 1864 sextum
1078 1805 1173 1868 No-c

55 1925 110 1964 nas
125 1903 282 1980 Octobris,
304 1904 561 1986 Constantinopoli
574 1905 677 1965 diebus
694 1905 807 1964 scilicet
824 1913 943 1965 centum
955 1905 1063 1984 viginti
1076 1925 1141 1964 ma-

56 2010 182 2067 ceravit.
223 2007 334 2068 Verum
347 2015 381 2065 ut
395 2017 570 2084 augerentur
584 2007 764 2066 calamitates
775 2025 864 2086 meae,
886 2008 918 2066 in
932 2007 1142 2088 Assumptione

56 2111 184 2168 Sanctae
196 2110 250 2168 Dei
265 2109 423 2168 Geuitricis
445 2093 618 2188 ettVirgiuis
639 2107 763 2188 Mariae,
785 2129 849 2168 meo
867 2109 963 2169 omine
982 2129 1044 2169 non
1062 2110 1142 2169 bono

54 2221 209 2272 venerant
224 2211 340 2270 Domini
357 2209 534 2291 Apostolici,
557 2220 585 2270 et
597 2209 771 2269 universalis
790 2210 884 2289 Papae
900 2209 1017 2269 loannis
1037 2207 1143 2268 nuncii

56 2333 128 2373 cum
148 2312 261 2388 literis,
280 2313 384 2391 quibus
395 2313 546 2392 'rogabant
564 2310 763 2393 Nicephorum
783 2311 993 2390 Imperatorem
1010 2311 1141 2369 Graeco·

56 2435 141 2492 rum,
172 2424 206 2474 ut
225 2417 407 2495 parentelam
427 2416 599 2494 firmamque
621 2413 779 2473 amicitiam
808 2413 919 2474 faceret
938 2433 1005 2472 cum
1025 2413 1143 2485 dilecto,

56 2517 264 2598 spiritualique
283 2518 347 2576 lilio
368 2537 421 2576 suo
441 2519 551 2578 Ottone
573 2519 772 2576 Romanorum
801 2516 981 2595 Imperatore
999 2513 1140 2592 Augusto.

56 2621 141 2693 Quae
159 2639 235 2692 vox,
258 2640 333 2699 quae
351 2620 507 2700 inscriptio
528 2618 691 2680 secundum
710 2619 837 2678 Graecos
855 2617 1022 2698 peccatrix,
1044 2625 1074 2674 et
1092 2625 1142 2675 ta·

57 2722 199 2800 meraris,
222 2723 370 2802 quomodo
387 2724 510 2782 latorem
525 2743 587 2781 non
603 2721 760 2795 occiderit3
782 2741 837 2781 cur
849 2720 1023 2802 priusquam
1040 2717 1141 2777 laede-

56 2835 157 2901 retur,
179 2845 239 2884 non
257 2825 453 2904 oppresserit,
478 2825 528 2904 qui
542 2825 573 2882 in
589 2825 654 2881 aliis
670 2821 757 2883 rebus
778 2843 863 2902 saepe
881 2823 988 2882 videor
1010 2839 1142 2901 spermo-

57 2928 143 3005 logus
165 2935 195 2985 et
213 2927 407 3003 multisonus,
427 2929 459 2986 in
471 2925 543 3003 hac,
564 2935 599 2984 ut
613 2925 718 3005 piscis,
739 2925 845 2985 videor
861 2925 991 2984 insonus.
1031 2921 1171 2982 Obiur-l)

56 3031 165 3107 gabant
183 3028 289 3088 Graeci
304 3049 400 3107 mare,
420 3027 659 3108 imprecabantur
681 3027 817 3105 aequori,
842 3026 911 3105 plus
929 3027 1008 3086 iusto
1031 3027 1140 3083 miran-

56 3141 118 3207 tes,
140 3151 195 3192 cur
212 3141 366 3212 peccatum
391 3131 468 3190 illud
486 3139 606 3211 portare
626 3128 775 3210 potuerit,
797 3147 850 3188 cnr
863 3129 970 3188 fretum
987 3125 1139 3185 dehiscens

57 3236 156 3294 numm
177 3255 239 3294 non
264 3234 458 3294 obsorbuerit.
506 3235 732 3320 Imperatorem,
758 3228 916 3309 inquiunt,
943 3228 1137 3288 universalem

57 3339 272 3412 Romanorum,
293 3336 467 3413 Augustum,
488 3355 644 3414 nragnurn,
663 3332 760 3392 solum
772 3331 972 3411 Nicephorum
985 3331 1138 3410 scripsisse

59 3441 253 3518 Graecorum,
273 3437 422 3498 hominem
442 3437 594 3516 quemdam
615 3437 790 3512 barbarum,
811 3453 971 3515 pauperem
987 3435 1138 3494 Romano-

57 3561 125 3601 rum
143 3561 205 3600 non
226 3542 330 3621 piguit.
372 3543 398 3601 0
422 3541 552 3616 caelum,
574 3561 591 3599 o
612 3549 707 3615 terra,
737 3539 872 3598 ornare!
902 3536 960 3596 Sed
980 3537 1067 3617 quid,
1087 3537 1138 3594 in-

59 3641 180 3723 quiunt,
202 3643 341 3704 faciemus
357 3642 526 3702 homiuibus
541 3640 606 3700 istis
619 3642 786 3718 sceleratis,
809 3638 981 3700 criminosis.
1022 3640 1139 3720 Paupe.

58 3765 104 3805 res
120 3753 206 3820 sunt,
229 3754 259 3805 et
271 3745 295 3804 si
314 3767 362 3805 eos
380 3747 560 3820 occidimus,
581 3763 685 3802 manus
702 3753 818 3803 nostras
838 3741 978 3820 sanguine
994 3740 1048 3800 vili
1064 3739 1139 3819 pol-

58 3848 166 3906 luimus
172 3869 180 3923 3
202 3843 329 3926 pannosi
341 3859 424 3925 sunt,
446 3847 523 3910 servi
537 3856 620 3922 sunt,
641 3845 746 3904 rustici
758 3853 843 3922 sunt,
865 3845 891 3903 si
901 3863 950 3903 eos
961 3842 1140 3920 flagellamus

58 3969 118 4008 non
130 3947 221 4028 ipsos,
234 3949 348 4008 aeduos
362 3947 582 4021 dedecoramus,
598 3949 845 4026 quinecllomana
861 3946 974 4006 scutica
989 3945 1138 4018 deaurata,

59 4069 112 4110 uec
128 4049 300 4111 huiusmodi
319 4061 389 4110 sunt
408 4051 547 4109 crucibus
565 4050 656 4129 digni.
699 4050 725 4108 0
744 4048 858 4108 utinam
873 4050 947 4108 alter
966 4047 1171 4127 Episcopus,E

59 4152 272 4213 alterMarclrio
289 4162 380 4213 essars
403 4153 494 4212 culeis
513 4153 591 4212 enim
604 4151 662 4210 suti
674 4161 741 4232 post
755 4151 874 4211 acerbos
889 4151 1037 4228 virgarum
1053 4147 1141 4223 ictus,

2 4273 3 4334 3
60 4263 126 4334 post
140 4256 247 4315 barbae
268 4276 321 4317 seu
346 4255 523 4336 capillorum
539 4254 775 4330 distractionem,
796 4253 830 4312 iu
845 4270 925 4312 mare
938 4249 1142 4328 demergeren-
