2802 4624
262 273 337 350 496
605 287 641 354 C.
660 287 697 354 Β.
717 285 833 356 Hastt
850 288 1009 359 NOTAE-

261 445 333 513 149.
348 443 384 508 A.
406 441 518 527 υυνὲβη
532 441 604 520 τούς
622 445 764 520 πλείονας
781 451 843 510 raia
861 440 1065 530 διαφερόντων
1082 451 1141 512 roei
1157 447 1352 529 θεασαμένην

259 526 384 614 τό’ὄναρ
398 535 535 611 νοσῆσαι.
576 531 702 604 Deinde,
722 541 874 592 vetustam
888 553 951 593 esse
964 533 1051 592 illum
1071 552 1158 592 usum
1176 534 1266 594 verbi
1287 537 1349 598 aaa·

144 623 175 680 1³.
191 623 244 684 254
260 613 361 696 pipo,
383 625 436 675 aut
454 626 532 676 certe
552 616 658 696 primis
676 617 799 676 saeculis
818 616 968 696 religionis
989 627 1108 676 nostrae
1125 639 1188 678 non
1209 619 1350 697 incogni-

260 707 343 775 tum,
364 702 465 760 testari
483 701 693 782 inscriptiones
714 702 787 761 duaa
807 703 896 762 alac.
913 702 1065 763 Gronovio
1079 703 1187 764 relatas
1205 705 1349 765 Memoria

260 784 442 844 Cosconiana
459 786 531 852 144.
546 780 580 846 Β.
608 787 739 846 Alteram
752 787 807 850 No.
822 808 893 846 xvr:

307 894 442 954 Temo.
463 893 523 952 ΤΟ.
539 895 735 956 ΑΝΓΕΙΟΝ.
757 893 977 957 ΔΙΑΦΕΡΕῙ.
994 897 1083 956 ΑΤΡ.
1097 894 1347 956 omarum

787 981 1066 1042 MAPKEAAOY.

303 1061 368 1119 Hic
386 1057 508 1119 loculus
522 1071 566 1120 est
578 1059 705 1120 Aurelio
725 1061 904 1142 Theocts'eto,
925 1059 1067 1151 Marcelli
1079 1063 1114 1121 F.
1191 1071 1193 1081 '

259 1165 393 1228 Alteram
410 1165 484 1230 ibid.
503 1167 557 1226 No.
572 1187 651 1227 xvn.
677 1167 712 1228 in
733 1191 806 1250 qua,
826 1191 900 1233 voce
918 1167 1099 1251 penultima,
1119 1165 1282 1245 legendum
1300 1131 1350 1228 si

258 1251 348 1312 detur
366 1255 513 1314 mom
1149 1277 1152 1283 ·

301 1361 469 1420 mula
491 1362 639 1422 ΣΟΡΟΣ.’
653 1363 863 1423 Anotera!
880 1361 1153 1424 ΠΟΛΤΚΑΡΠΩ.
1176 1359 1347 1420 mom-

260 1446 392 1506 KONst.
412 1447 497 1505 ΚΑΙ.
521 1446 579 1505 ΤΗ
596 1447 777 1506 ΓΓΝΑΙΚΙ.
798 1449 889 1508 Hor.
907 1447 1139 1508 ΠΑΛΑΑΔῙΑ.

295 1529 386 1588 ‘Haeo
402 1539 478 1586 ared
490 1539 533 1587 eat
546 1531 714 1608 Polycarpo
727 1528 915 1590 subdiacono
922 1579 933 1608 ,
946 1543 974 1588 et
989 1532 1078 1588 uxori
1092 1531 1159 1586 eiua
1170 1521 1345 1588 Palladiae.

257 1633 485 1714 Inscriptionem
501 1634 661 1694 secundam
679 1635 873 1696 Christianam
886 1657 948 1697 esse
959 1646 1057 1718 patet,
1078 1635 1210 1716 priorem
1224 1633 1344 1693 creden-

258 1719 332 1781 dum
348 1726 400 1777 est.
442 1717 554 1776 Poaitaa
570 1719 679 1798 opinor
690 1723 808 1780 saeculo
822 1723 970 1799 secundo,
990 1731 1041 1781 aut
1052 1720 1152 1780 tertio.

341 1823 419 1898 Pag.
443 1818 512 1884 174.
534 1818 588 1880 lin·
604 1825 665 1885 17.
685 1817 884 1902 praeparatior
903 1818 962 1908 ὅτῳ
975 1818 1093 1921 τρόπῳ]
1114 1819 1228 1900 Scripai
1247 1815 1342 1877 niedi-

260 1915 349 1984 υαηας
373 1904 495 1962 fortasse
511 1904 602 1982 paulo
612 1907 704 1982 magis
718 1907 755 1964 ad
774 1927 893 1968 aeneum
907 1908 1012 1968 Leonis
1025 1909 1143 1982 luisset,
1165 1914 1283 1965 vertera
1295 1903 1342 1962 lrio

257 1997 287 2047 et
304 1989 333 2053 6.
347 1989 379 2046 G.
403 1989 583 2066 explorans:
605 1991 684 2069 apud
699 1991 853 2070 Agathiam
867 2003 946 2057 certe
960 1985 1138 2075 properatio
1150 1999 1194 2050 est
1210 1988 1269 2048 hac
1288 2009 1341 2048 ao·

229 2073 339 2138 Btione
357 2072 407 2139 25.
425 2074 456 2131 C.
469 2068 729 2153 γνωματεύσοντας
747 2077 778 2150 ἐς
791 2075 824 2140 τὸ
836 2073 955 2158 α’κριβὲς
966 2075 1002 2140 sal
1014 2071 1201 2158 βουλεύματα
1215 2079 1277 2138 τῶν
1290 2095 1340 2135 πυ·

256 2159 375 2237 λεμίυν.
418 2158 654 2238 Apadeundem
672 2166 722 2227 20.
738 2161 773 2223 D.
795 2153 824 2223 e't
845 2169 915 2230 119.
942 2163 974 2221 G.
995 2161 1123 2224 vertitur
1138 2157 1338 2240 perpendens:

258 2247 327 2310 116.
348 2241 383 2302 A.
400 2246 568 2321 pensitans.
663 2297 665 2301 .

319 2331 422 2406 *Paga
444 2330 514 2394 175.
542 2330 597 2390 lin.
622 2333 672 2396 10.
702 2333 757 2411 τῆς
781 2333 940 2412 Χερσαῖνος
960 2325 1091 2408 ἅλυσιν]
1121 2327 1204 2397 Haec
1227 2337 1273 2386 est
1291 2326 1338 2385 alla

256 2411 417 2472 chersonis
441 2413 647 2473 anadimiro
670 2415 776 2492 Magno
798 2417 969 2495 occupatio,
997 2433 1086 2494 quam
1106 2415 1214 2472 Nestor
1236 2411 1337 2472 Annal.

257 2497 327 2566 105.
339 2496 371 2554 B.
387 2497 517 2558 version.
538 2497 639 2557 Scher.
654 2519 680 2558 a.
701 2499 810 2559 Christi
828 2504 899 2567 988.
921 2499 1062 2559 accidisse
1082 2507 1187 2559 auctor
1202 2507 1254 2556 est.
1295 2495 1339 2555 Ad

257 2580 452 2640 illustrandas
468 2601 516 2640 res
533 2591 702 2662 temporum
717 2585 837 2643 illorum
853 2586 1006 2665 pertinent
1024 2582 1338 2662 fortaasaepistolaena

255 2655 351 2722 dicam
360 2684 398 2723 an
407 2668 611 2726 commentarii
622 2667 794 2748 fragmenta,
807 2679 921 2730 servata
930 2671 962 2728 in
974 2669 1046 2730 cod.
1060 2688 1136 2728 saec.
1149 2687 1180 2726 x.
1195 2666 1337 2741 exeuntis,

253 2751 284 2806 S.
305 2749 422 2825 Bsailii,
450 2749 635 2830 Phalaridis,
664 2755 694 2812 S.
718 2755 853 2832 Gregorii
873 2753 1050 2813 Nazianzeni
1077 2747 1219 2832 epistolas
1246 2752 1337 2811 varias

255 2835 435 2895 continente.
479 2835 515 2893 ln
535 2833 593 2895 hoc
611 2836 701 2914 igitur
715 2839 840 2915 Codice,
863 2840 915 2918 qui
933 2840 991 2898 fuit
1008 2837 1210 2897 Bibliothecae
1227 2837 1335 2915 Regiae,

251 2939 419 3000 possessor,
441 2919 493 2998 qni
507 2929 537 2979 et
550 2921 726 2998 legationem
741 2923 822 2982 circa
838 2924 998 3003 Danoprim
1018 2920 1099 3003 (vide
1113 2923 1192 2982 infra
1206 2923 1277 2988 254.
1292 2917 1334 2998 ll.)

253 3004 362 3082 obivit,
386 3014 415 3065 et
428 3005 541 3086 oppido
555 3006 682 3085 praefuit
696 3005 779 3087 (257.
794 3005 854 3090 D.),
875 3009 983 3068 litteris
996 3007 1118 3066 minutis
1131 3006 1336 3086 perplexiaqae

251 3089 428 3166 admodum,
450 3109 506 3150 nec
519 3092 614 3150 multo
628 3111 715 3168 quam
732 3092 803 3152 Cod.
816 3093 879 3173 ipse
893 3092 1107 3154 recentioribus
1119 3087 1193 3152 lolia
1208 3091 1268 3150 duo
1283 3109 1334 3148 va·

252 3194 308 3252 cua
330 3176 445 3251 illevit,
467 3175 570 3235 multis
589 3177 686 3236 verbis
709 3177 846 3253 mutatis,
873 3177 1020 3250 inductis,
1049 3176 1275 3256 superscriptis,
1302 3183 1334 3234 ut

189 3303 193 3312 .
252 3258 390 3320 dubitare
412 3281 474 3320 nan
493 3281 599 3342 queas,
623 3281 689 3321 eum
706 3260 790 3323 launo
809 3263 899 3337 Cod,
921 3273 956 3322 nt
973 3271 1017 3322 est
1038 3262 1162 3339 exiguae
1180 3262 1283 3336 molis,
1303 3259 1333 3316 in

251 3343 495 3422 expeditionibus
512 3365 613 3406 aecum
626 3357 768 3425 portasse,
793 3349 971 3427 pagellisque
985 3347 1047 3406 eius
1059 3347 1162 3406 vacuis
1174 3345 1214 3404 ad
1227 3345 1333 3425 episto-

225 3425 297 3486 clas
309 3429 591 3507 commentariosque
602 3431 788 3491 meditandas
799 3452 861 3491 esse
872 3451 970 3492 usum.
1012 3432 1093 3491 Dabo
1104 3432 1333 3510 fragmentaque

250 3511 357 3572 ordine
370 3523 441 3572 sunt
455 3513 488 3571 in
502 3514 591 3574 coda
612 3517 729 3576 tametsi
740 3516 923 3595 legationem,
946 3516 983 3574 de
996 3535 1054 3594 qua
1067 3516 1183 3592 atatim,
1206 3536 1269 3576 non
1279 3512 1333 3575 nisi

247 3606 317 3678 post
334 3595 447 3656 bellum
471 3595 553 3680 (vide
573 3599 701 3660 alterum
717 3601 912 3680 fragmentum
932 3602 1004 3668 256.
1024 3597 1072 3679 D.)
1093 3600 1237 3660 accidisse
1250 3598 1332 3660 facila

247 3682 339 3743 dicas.
383 3682 469 3741 Prius
490 3683 534 3741 sic
554 3684 662 3763 incipit
680 3685 868 3764 imperfecte,
890 3686 927 3745 de
944 3685 1086 3766 llanapris
1106 3686 1246 3761 traiectu,
1275 3683 1331 3763 gla-

247 3765 360 3826 cierum
375 3768 544 3845 fragmentis
558 3769 662 3830 lintres
677 3771 943 3838 transmittentium
956 3770 1138 3829 infestantis:
1155 3771 1332 3851 ..δυσχερῶς

246 3845 405 3934 κατήγετο,
425 3853 522 3916 καίτοι
537 3849 578 3935 μή
593 3856 714 3930 πλείους
732 3861 825 3940 τρναῖν
842 3851 960 3936 ἀνδρῶν
975 3849 1101 3917 ἑκάστου
1116 3859 1203 3933 σφῶν
1222 3851 1331 3934 deponi-

245 3955 316 4000 νου·
340 3933 420 4000 οὕτω
433 3933 515 4001 πάνυ
528 3935 695 4018 φαυλότατα
706 3931 755 4020 ἦν.
792 3933 870 4002 Ἀλλ’
881 3935 952 4003 atat
962 3945 1056 4002 ταῦτα
1069 3935 1151 4020 ὅμως
1163 3932 1264 4018 χώραν
1277 3933 1331 4016 εἶχε

245 4019 327 4104 παρὰ
338 4027 382 4110 τῷ
394 4018 531 4106 ῥεύματι·
554 4021 648 4088 πολλοὶ
663 4020 719 4107 γὰρ
732 4019 832 4087 adroic
845 4024 894 4088 tat
907 4025 1055 4106 μεγίστοις
1066 4018 1174 4106 πάγοις
1185 4023 1255 4086 δυσὶ
1264 4041 1328 4084 συν·

244 4103 390 4192 ηράσσετυ
401 4108 452 4170 καὶ
468 4106 643 4183 §ortamn-
658 4109 711 4173 καὶ
721 4108 834 4192 ὁσαχοῦ
847 4115 936 4175 corito
950 4112 1090 4193 ξυμβαίη,
1108 4108 1293 4192 ἐκπηδῶντες
1300 4103 1325 4188 *l

278 4271 305 4339 ”)
323 4271 488 4348 mitrata
504 4274 569 4334 (lod.
