2786 4620
221 729 656 822 LUITPRANDI
729 736 1040 828 LEGATIO

603 920 656 976 AD

295 1055 687 1138 NICEPHORUM
725 1061 964 1140 PHOCAM

102 1229 461 1294 ῙΜΡΕΒΔΤΟΒΕΜ
512 1231 1153 1314 CONSTANTINOPOLITANUM

166 1475 176 1486 ,
253 1398 350 1466 ruo
384 1399 698 1474 oruonmns
738 1403 1005 1472 sucusms

413 1551 481 1620 ΕΤ
506 1553 852 1623 succumbe*

663 1721 672 1738 N

528 1748 720 1770 -ιή-ι-

77 1871 236 1988 Ottones
251 1927 454 1988 Romanorum
472 1928 682 1992 invictissimos
695 1929 892 2013 Imperatores
907 1931 1073 2012 Augustos,
1102 1937 1169 2015 glo·
1186 1957 1217 2013 p,
1233 1955 1285 2016 479

76 2029 329 2110 rioaisaimamqua
347 2029 540 2092 Adelheidem
558 2031 780 2113 imperatricem
801 2035 979 2115 Augustam,
1002 2038 1169 2118 Luitpran-
1186 2028 1245 2083 ⁰⁰¹·
1262 2033 1286 2086 ¹·

78 2131 138 2192 dua
150 2135 276 2192 Sanctus
288 2133 489 2194 Cremonensis
500 2133 649 2195 Ecclesiae
660 2134 825 2218 Episcopus
837 2155 952 2216 semper
963 2138 1072 2216 valere,
1092 2161 1169 2220 pro-

78 2234 212 2314 sperari,
238 2233 436 2316 triumphare,
465 2236 602 2316 anhelat,
631 2233 795 2315 desiderat,
824 2247 917 2318 optet.
958 2239 1037 2312 Quid
1062 2261 1168 2305 cauus

77 2337 187 2416 fuerit,
214 2338 294 2418 quod
314 2339 399 2419 prius
413 2339 515 2400 literas
535 2339 599 2402 aive
617 2339 761 2399 nuncium
779 2359 878 2400 meum
893 2361 955 2402 non
968 2344 1166 2425 susceperitis,

76 2442 153 2503 ratio
173 2441 354 2522 subsequens
374 2441 545 2505 declarabit.
585 2441 685 2502 Pridie
700 2461 794 2502 nonos
814 2441 892 2502 lunii
915 2445 1167 2528 Constantinopo-

75 2543 130 2604 lim
144 2543 299 2622 venimus,
324 2553 355 2604 et
368 2543 406 2603 ad
421 2543 632 2604 contumeliam
644 2553 772 2604 vestram
786 2544 916 2626 turpiter
928 2548 1074 2628 suscepti,
1095 2567 1166 2628 gra-

76 2645 173 2722 viter,
193 2646 384 2727 turpiterque
404 2665 507 2706 sumus
529 2645 666 2724 tractmi3
694 2645 806 2725 palatio
827 2646 945 2725 quidem
959 2651 1029 2710 ostis
1048 2671 1166 2730 magno,

76 2757 106 2808 et
120 2757 241 2828 aperto,
259 2749 341 2830 quod
356 2769 413 2808 nec
430 2747 524 2828 frigus
538 2756 665 2824 arceret,
686 2745 764 2808 sicut
778 2767 834 2808 nec
850 2748 978 2808 calorem
996 2752 1164 2832 repelleret,

70 2848 186 2910 inclusi
209 2870 328 2913 sumus:
348 2851 454 2912 armati
470 2849 580 2912 milites
597 2849 727 2931 oppositi
749 2859 821 2911 sunt
844 2851 994 2930 custodes,
1013 2853 1067 2934 qui
1090 2855 1164 2915 maia

76 2953 215 3012 omnibus
240 2953 366 3014 exitium
390 2948 432 3036 ¹),
462 2953 586 3014 caeteris
609 2950 804 3033 prohiberent
826 2953 1001 3032 ingressum.
1049 2954 1189 3024 Domusn

76 3054 140 3136 ipsa
155 3055 227 3116 solia
244 3057 331 3116 uobis
349 3056 474 3116 inclusis
487 3056 592 3136 pervia
603 3076 621 3114 a
633 3055 745 3136 palatio
758 3055 831 3116 adeo
850 3063 1048 3134 sequestrate,
1077 3064 1112 3116 ut
1128 3077 1163 3118 eo

75 3156 160 3216 nobis
179 3176 244 3216 non
259 3156 472 3238 equitantibus,
493 3159 546 3220 sed
564 3157 780 3219 ambulantibus
800 3153 949 3216 anhelitus
963 3165 1161 3220 uanosrotur.

75 3258 208 3320 Accessit
228 3259 267 3320 sd
288 3260 484 3322 columitatem
503 3268 656 3337 nostram,
684 3259 766 3340 quod
785 3259 967 3322 Graecorum
990 3257 1095 3322 vinum
1123 3259 1162 3323 ob

76 3361 150 3441 picis
169 3362 257 3422 taede
278 3363 365 3443 gypsi
388 3360 630 3424 commixtionem
650 3361 736 3423 nobis
755 3359 928 3442 impotabile
942 3359 1010 3426 fuit.
1052 3363 1163 3426 Domus

75 3463 139 3545 ipsa
161 3473 227 3524 erat
247 3464 405 3544 inaquosa,
422 3477 479 3524 nec
494 3464 577 3525 sitim
597 3467 702 3525 saltem
719 3484 796 3544 aqnn
812 3463 983 3544 extinguere
1001 3465 1162 3546 quivimus,

77 3587 165 3646 quam
179 3565 250 3626 dato
262 3565 391 3648 pecunia
407 3585 579 3630 emeremus.
620 3567 700 3628 Huic
719 3587 828 3646 magno
838 3586 911 3644 ree,
931 3587 988 3628 vso
1007 3567 1090 3628 uliud
1105 3587 1162 3648 ap·

75 3668 206 3750 positum
216 3678 276 3746 est,
297 3667 389 3745 homo
402 3666 597 3752 Soilioramt)
612 3679 730 3760 custos,
752 3669 805 3750 qui
820 3668 1008 3751 quotidianos
1023 3678 1161 3749 sumptus

75 3771 242 3852 pmaberet3
263 3769 313 3832 cui
326 3770 452 3832 similam
465 3771 492 3832 si
504 3771 653 3852 requiras,
673 3793 736 3834 non
749 3780 830 3834 terra
837 3817 847 3852 ,
868 3773 920 3834 aad
938 3771 1074 3835 infernus
1094 3771 1161 3832 ior·

108 3955 122 3989 ⁸
134 3955 287 4040 huitprpndi
297 3954 600 4040 Legationes-editions
608 3955 851 4042 epblmatqriispri
870 3955 1022 4043 i'R‘f’Jffl·
1034 3953 1158 4040 Tqru311..

138 4025 1161 4178 &stultcttltt‘tqtltttttttltssstbttt‘ttt

6 4183 7 4228 ;
121 4163 243 4240 'gruibus
254 4163 368 4236 sppositi
381 4163 498 4218 iattoms
562 4182 617 4217 ruas
629 4164 750 4218 editionis
764 4163 911 4218 blurstorii.
969 4164 1000 4231 1)
1018 4162 1089 4215 rost„
1104 4179 1158 4216 ess·

139 4239 203 4286 tw.
219 4233 438 4288 Murotorios.
523 4233 625 4302 Mlius
643 4233 797 4288 Sieilioruus.
822 4233 996 4288 canisius.
