2802 4624
236 257 314 337 53⁰
441 271 481 339 N.
501 271 551 340 Μ.
574 267 777 337 FOGGlNlI
800 266 1146 342 ADNOTATIONES

235 433 296 514 git.
345 429 415 492 Mon
440 429 491 490 diu
512 439 612 489 tamen
632 425 790 508 Pompeius
814 425 943 487 victoria
964 425 1079 506 gavisus
1099 433 1160 505 est,
1189 443 1251 488 nec
1272 426 1342 488 l'or·

239 527 344 576 tunam
374 525 513 597 expertus
540 523 585 573 est
612 521 849 592 permanentem,
879 513 1044 572 instaurato
1070 512 1150 572 enim
1172 513 1210 572 ab
1234 512 1342 591 Augu-

237 609 285 663 sto
302 611 407 662 contra
424 602 521 680 ipsum
543 600 669 678 praelio,
692 617 786 678 eoque
807 607 929 657 strenua
949 595 1109 658 admodum
1129 606 1211 657 terra
1241 597 1342 657 mari·

240 706 299 768 que
312 694 483 768 oppugnata
491 729 500 759 ,
522 683 643 742 taudem
656 684 804 761 Augustus
815 683 854 742 M.
870 683 1017 764 Agrippae
1031 703 1120 762 opera
1132 682 1273 758 adiutus,
1295 682 1342 741 in·

243 772 355 850 signem
375 770 476 831 retulit
491 767 671 843 victoriam3
693 769 765 828 adeo
781 777 815 827 ut
829 769 937 828 naerito
957 769 995 828 de
1012 769 1146 846 Augusto
1158 767 1221 828 dici
1235 765 1341 849 possit,

242 875 310 918 eum
323 855 407 938 prius
419 854 534 913 victum
550 853 648 914 navali
664 852 791 930 praelio,
813 873 886 912 mox
898 873 967 913 suos
982 853 1111 913 victores
1125 872 1298 934 superasse.

326 940 375 1006 14.
398 934 497 1024 Ξύλῳ]
520 940 586 1000 Hac
607 939 733 997 verbum
758 937 885 996 classem
907 937 1097 1018 interpretati
1119 957 1246 1016 sumus;
1278 939 1342 999 ire-

243 1034 365 1108 quenter
384 1024 463 1083 enim
483 1025 593 1083 illude
614 1023 735 1083 Graecis
755 1022 904 1083 inferioris
923 1023 989 1082 aevi
1007 1022 1205 1104 scriptoribus
1225 1022 1268 1082 ad
1285 1043 1341 1082 na·

241 1130 293 1172 ves
315 1110 510 1189 designandas
527 1117 699 1188 usurpatur.
742 1107 862 1168 Praesto
886 1108 992 1187 cuique
1012 1128 1074 1168 esse
1091 1116 1219 1188 possunt
1237 1129 1341 1168 exean-

243 1196 312 1278 pla,
334 1216 410 1276 quse
425 1195 645 1256 Du-Fresnius
658 1194 691 1252 in
713 1194 864 1253 Glossario
886 1195 1050 1253 mediaest
1072 1193 1190 1253 infimae
1212 1194 1341 1254 Graeci·

242 1283 313 1342 tatis
336 1281 468 1341 adducit.
512 1280 660 1361 [Fortasse
679 1278 712 1336 lri
736 1298 854 1358 quoque
874 1297 975 1338 versus
994 1279 1142 1338 referendi
1164 1279 1204 1338 ad
1226 1279 1342 1340 Iulium

242 1367 414 1442 Caesarem,
436 1365 540 1446 quiin
559 1365 664 1424 itinere
687 1362 732 1446 (ἐν
751 1360 865 1450 στόλῳ,
889 1363 968 1443 quod
985 1364 1166 1423 vocabulum
1192 1363 1283 1426 etiam
1306 1363 1341 1424 de

241 1452 332 1512 unius
351 1452 458 1510 itinere
481 1451 620 1532 usurpari
640 1453 766 1527 constat)
795 1471 812 1507 a
839 1448 1040 1529 praedonibus
1069 1459 1189 1530 captus,
1218 1449 1340 1520 eosdem

241 1537 423 1618 paulopost
445 1535 536 1594 classe
559 1543 711 1594 contracta
738 1535 904 1611 superavit,
935 1543 1098 1615 captosque
1125 1533 1210 1593 cruci
1231 1535 1339 1614 affixit.

247 1619 397 1682 Plutarch.
413 1617 470 1677 vir.
484 1621 563 1678 Caes.
579 1639 603 1678 c.
612 1626 641 1684 2.
658 1617 760 1697 Vellej.
774 1620 835 1676 Pat.
845 1617 883 1676 ll.
896 1617 948 1684 42.
962 1613 1063 1694 ξύλον,
1077 1641 1160 1695 crus,
1169 1619 1263 1680 pisid.
1275 1621 1339 1681 Ex·

243 1706 311 1788 ped.
327 1702 443 1764 Iler-acl.
460 1703 497 1765 ll.
512 1700 581 1769 253:
596 1696 776 1781 ὖψούμενον
791 1696 823 1764 τὸ
834 1699 932 1776 ξύλον.
951 1713 981 1761 et
993 1703 1074 1765 alibi.
1093 1705 1125 1763 F.
1135 1704 1170 1784 1.]

329 1789 378 1854 15'.
401 1781 466 1848 Oo'e
478 1779 519 1866 ἦν
533 1781 707 1868 στρατηγός]
729 1786 866 1845 Mancum
878 1784 960 1846 hunc
975 1807 1094 1849 versum
1109 1789 1205 1850 edidit
1220 1791 1337 1850 Gorne-

242 1873 301 1932 lius
320 1881 424 1931 contra
441 1871 530 1930 iidem
544 1871 677 1949 Codicis,
700 1891 738 1930 ex
756 1892 813 1952 quo
828 1893 881 1931 nos
895 1873 1078 1932 restituimus
1092 1886 1160 1935 ante
1174 1877 1336 1936 articulum

244 1955 263 2020 d
282 1956 458 2037 perticulam
480 1955 539 2033 sig,
562 1977 651 2036 quarn
670 1965 770 2017 tamen
789 1957 952 2017 neccssaria
974 1959 1155 2034 addendam,
1177 1971 1214 2020 ut
1232 1979 1335 2022 sensus

241 2041 356 2122 integer
372 2043 520 2121 prodiret,
544 2043 698 2101 Cornelius
712 2041 907 2102 coniectando
924 2043 1088 2104 adnotavit.

329 2132 378 2194 16.
400 2127 496 2201 Quam
510 2129 546 2186 de
557 2128 696 2208 Pompeio
707 2125 859 2186 historiam
871 2127 1055 2187 Theodosius
1068 2127 1240 2206 adumbrat,
1263 2127 1335 2190 haec

243 2221 304 2273 est:
326 2214 383 2274 An.
404 2213 441 2272 U.
463 2215 493 2276 G.
514 2217 584 2279 679.
606 2214 637 2275 L.
654 2213 769 2271 Licinio
783 2213 924 2288 Lucullo,
948 2213 987 2273 M.
1004 2213 1123 2272 Aurelio
1146 2217 1233 2275 Cotta
1255 2215 1333 2276 coes

244 2298 392 2358 Creticum
412 2298 522 2357 bellum
540 2297 607 2358 aM.
623 2298 752 2356 Antonio
775 2297 935 2357 infeliciter
952 2298 1121 2378 inceptum,
1144 2321 1161 2356 a
1177 2300 1215 2374 Q.
1231 2299 1334 2359 Caeci·

242 2383 285 2442 lio
308 2383 426 2442 Metello
451 2383 613 2462 perfectum
636 2393 689 2445 est.
733 2383 791 2442 Sed
816 2403 910 2461 quum
932 2385 1058 2443 victoria
1083 2385 1177 2442 elatus
1199 2385 1333 2445 Metellus

242 2468 357 2526 saevius
370 2467 403 2526 in
423 2467 557 2546 captivos
572 2467 833 2538 animadverteret,
855 2467 940 2526 multi
961 2468 1099 2548 Pompeio
1114 2469 1145 2527 in
1161 2469 1231 2528 Asia
1246 2491 1333 2530 com-

243 2550 372 2611 moranti
394 2571 423 2610 se
445 2552 631 2612 dediderunt.
682 2553 723 2613 De
742 2551 798 2611 bac
815 2571 847 2612 re
865 2553 907 2611 ita
931 2553 1039 2612 Florus
1061 2555 1128 2616 Ber.
1152 2555 1235 2618 Rom.
1256 2557 1332 2634 Epit.

135 2632 194 2689 0⁰1·
208 2633 228 2688 2
242 2635 293 2696 lib.
313 2636 363 2696 lll.
383 2657 448 2716 cup.
470 2642 499 2701 7.
549 2637 685 2694 Metellus
703 2635 810 2696 deinde
828 2649 922 2696 totam
947 2639 1082 2696 insulam
1101 2642 1169 2718 igni
1186 2642 1332 2720 serraque

236 2721 1331 2888 ttt'tttti‘l'tttt‘lttttzt'ttthttttttuttttss

325 2851 327 2856 '
380 2853 391 2884 5
830 2854 839 2884 ί
1319 2853 1326 2866 “

241 2889 373 2971 adeoque
391 2911 478 2953 saeve
497 2894 527 2950 in
553 2894 690 2971 captivos
711 2893 933 2968 consulebatur,
961 2903 995 2952 ut
1016 2915 1124 2953 veneno
1145 2917 1177 2952 se
1195 2895 1330 2976 plerique

240 2988 432 3052 consecrent,
454 2975 513 3036 alii
533 2975 712 3036 deditionem
730 2998 820 3036 snam
838 2975 882 3034 ud
894 2980 1072 3057 Pompeium
1093 2979 1243 3038 absentem
1261 2984 1329 3039 neit-

241 3072 343 3125 terent.
386 3063 542 3144 Pompeius
562 3073 658 3122 autem
672 3063 795 3122 Romam
817 3081 953 3123 reversus
967 3083 1030 3122 non
1046 3065 1137 3124 modo
1157 3065 1195 3123 de
1213 3065 1329 3124 Mithri-

147 3141 154 3158 '
194 3217 199 3224 ,
241 3147 310 3207 date
332 3157 361 3207 et
380 3149 505 3228 Tigrane
524 3149 557 3207 in
572 3149 638 3208 Asia
655 3147 785 3207 subactis
803 3148 1015 3226 triumpharit,
1036 3150 1089 3208 ssd
1102 3151 1228 3209 alterurn
1243 3152 1329 3210 etism

239 3231 427 3312 triumphum
448 3233 508 3312 egit
528 3234 657 3295 debello
674 3233 808 3294 Creticae
830 3233 955 3313 captivis
976 3254 992 3293 e
1015 3235 1100 3293 Creta
1114 3235 1258 3312 ducibus,
1281 3235 1328 3314 qui

240 3313 278 3374 ad
299 3336 331 3374 se
354 3318 539 3394 deiecerant,
568 3338 667 3378 secum
693 3318 848 3394 adductis,
884 3317 996 3378 Metelli
1023 3317 1209 3399 triumphum
1230 3319 1328 3380 imini-

238 3417 351 3474 nuens,
375 3402 508 3478 quamvis
523 3421 624 3482 reapse
640 3404 754 3463 nullam
767 3405 797 3462 in
813 3401 891 3462 bello
908 3403 1023 3463 Cretico
1042 3415 1157 3482 partem
1171 3403 1327 3466 habuisset.

239 3483 421 3545 Theodosius
435 3485 535 3564 itaque
549 3485 630 3546 hisce
644 3487 676 3546 in
691 3489 823 3548 versibus
840 3489 1092 3568 Pompeianarum
1108 3491 1259 3568 Romano,
1280 3510 1328 3550 seu

237 3569 340 3649 potius
364 3591 432 3630 cum
454 3570 619 3650 Nicephoro
636 3574 768 3651 confert,
789 3583 823 3633 ut
845 3593 879 3632 eo
901 3574 992 3652 magis
1014 3574 1144 3633 eiusdem
1169 3573 1328 3657 Nicephori

237 3654 381 3716 virtutem
399 3653 539 3732 extollat,
561 3656 703 3736 quoniam
721 3659 747 3717 ei
762 3659 908 3718 Cretensis
925 3659 1067 3720 victoriae
1081 3661 1175 3739 gloria
1190 3682 1262 3722 vere
1278 3661 1327 3720 de·

237 3737 377 3817 bebatur,
400 3742 472 3802 dum
495 3761 511 3800 e
531 3741 679 3802 contrario
695 3743 853 3823 Pompeius
870 3743 977 3803 veteris
996 3745 1077 3805 illius
1099 3747 1245 3807 Cretensis
1261 3745 1328 3806 belli

234 3822 353 3886 laudem
371 3828 575 3908 usurpaverit,
595 3847 631 3886 ac
654 3828 737 3906 quasi
761 3849 899 3910 praesens
919 3829 1113 3908 decertasset,
1142 3833 1272 3891 alterum
1292 3831 1327 3892 de

235 3911 338 3974 eadem
355 3912 440 3973 Creta
457 3911 643 3993 triumphurn
658 3913 767 3972 Romae
782 3923 929 3974 ostentare
943 3915 1182 3996 praesumpserit.

319 3995 400 4060 lbtd.
422 3996 573 4078 Πομπλος]
596 3999 633 4058 In
649 3997 721 4057 cod.
736 4019 825 4080 supra
845 3997 904 4059 hoc
924 4020 1034 4060 nomen
1051 3999 1124 4060 haec
1137 4001 1247 4080 legitur
1258 4011 1327 4064 nota

235 4077 436 4144 interlinearis
448 4081 588 4160 eiusdem,
608 4092 644 4143 ut
656 4083 786 4162 videtur,
801 4085 957 4163 scriptoris
972 4105 1062 4146 manu
1076 4095 1195 4148 mata
1210 4083 1231 4150 ό
1244 4091 1326 4149 Καῖ-

238 4182 295 4246 σαρ
316 4166 333 4232 ὁ
352 4167 457 4250 μέγας,
487 4169 569 4248 quod
589 4168 798 4229 animadvertit
822 4169 908 4230 etiarn
930 4171 1103 4248 Cornelius,
1132 4171 1185 4230 sed
1205 4173 1323 4232 omnino

239 4253 381 4327 praeterit
406 4253 568 4313 coniectari
592 4255 666 4335 quid
687 4274 721 4314 ea
739 4253 796 4316 sibi
817 4256 899 4320 velit.
942 4254 1047 4338 ltaque
1065 4257 1141 4318 scias
1153 4257 1242 4336 vole,
1263 4277 1323 4317 mm
