2808 4618
236 271 309 346 136
607 274 761 346 LEONIS
780 275 961 386 utacum

76 462 104 510 ε.
116 453 291 514 Μέδουσα
311 448 356 531 τῷ
376 435 502 528 δόρατι,
535 439 616 506 παίει
636 439 716 506 κατά
735 444 791 506 rori
813 439 970 515 τένοντος·
1004 435 1220 526 ἀπαραχθεῖσα
1241 439 1278 506 δέ
1299 436 1323 524 η’

107 529 158 580 ¹¹¹⁶·
170 527 203 582 ¹⁵
235 545 350 635 κεφαλὴ
363 544 420 610 uir
432 551 471 632 τῇ
490 539 601 626 κόρυθι
614 539 671 620 ἐξω
684 549 790 625 τειχῶν
803 542 879 628 πρὸς
892 541 1006 628 ἐδαφος
1020 543 1223 628 ἐσφαιρίζετο·
1242 539 1323 608 Ῥω-

235 660 321 735 μαῖοι
343 649 377 713 δέ
392 654 436 734 τῷ
449 651 542 735 καινῷ
558 652 613 712 τοῦ
629 641 787 732 δράματος
807 641 1014 728 ἐπηλάλαξαν,
1050 646 1101 708 καλ
1127 645 1232 726 συχνολ
1260 649 1320 708 τοῦ

235 750 365 840 πρώτως
378 745 562 826 ἀνελθόντος
574 745 691 830 τόλμαν
707 743 909 831 ζηλώσαντες,
938 745 989 812 διά
1003 751 1064 811 τῶν
1080 743 1233 828 κλιμάκων
1247 745 1320 811 ἀνί
1398 761 1400 826 j

235 862 320 922 θεον.
356 848 650 935 όδέΜεσονάκτης,
679 852 741 914 ἐπεὶ
754 856 809 914 τοῦ
823 850 939 933 τείχους
952 848 1061 932 ἐπέβη,
1088 850 1139 912 καλ
1154 853 1210 931 τῆς
1224 845 1349 913 ἀνάλ-6
1398 857 1400 904 i

235 961 310 1036 ξεως
323 954 469 1041 ἐγκρατὴς
491 953 652 1039 ἐξεγένετο,
679 954 839 1028 πλείστους
858 959 920 1017 τῶν
943 950 1139 1034 ἀμυνομένων
1155 947 1229 1026 Ῥῶς
1250 952 1320 1014 ἐπι·
1398 1011 1400 1020 ,

233 1054 412 1146 στροφάδην
431 1053 572 1138 πλάττων
593 1061 656 1121 τῶν
671 1061 777 1138 τειχῶν
798 1051 1017 1140 κατεκρήμνιζε.
1061 1059 1180 1118 θάττον
1202 1053 1237 1116 δέ
1261 1075 1320 1118 συ-

141 1160 176 1218 ¹'·
188 1159 222 1216 84
235 1167 318 1246 χνῶν
337 1157 505 1242 ἑκασταχοῦ
528 1164 591 1224 τῶν
612 1155 780 1244 περιβόλων
793 1154 1003 1237 ἀνελθόντων,
1047 1158 1096 1220 καλ
1111 1155 1200 1220 παντί
1216 1155 1321 1220 σθένει

235 1262 308 1338 τοδς
329 1263 483 1336 ἐναντίους
502 1258 779 1346 ἀποσφαττάντων,
814 1259 871 1335 τὰς
893 1257 1027 1334 ἐπάλξεις
1046 1254 1260 1332 καταλιπόντες
1289 1256 1321 1322 οἳ

236 1364 376 1445 Σκάθαι,
410 1364 441 1440 ἐς
460 1361 517 1446 τὴν
535 1364 689 1444 βασίλειον
714 1360 828 1446 αὐλὴν,
863 1364 972 1445 τειχίον
995 1360 1103 1446 ἐχυρὸν
1125 1359 1317 1442 κεκτημένην,
1330 1373 1368 1428 10

237 1469 270 1534 ἐν
288 1458 309 1552 ᾗ
330 1469 380 1532 καλ
402 1461 418 1530 ὅ
441 1471 572 1540 πλοῦτος
592 1469 718 1540 Μυσοῖς
740 1463 927 1545 ἐναπέκειτο,
963 1463 1076 1539 ἀκλεῶς
1099 1459 1317 1544 συνάσθησαν,

235 1571 349 1634 πυλίδα
370 1568 444 1650 μίαν
458 1566 646 1655 ἠνεῳγμένην
664 1563 892 1652 παραλιπόντες.
930 1567 962 1630 ἐν
982 1557 1007 1655 ᾧ
1027 1567 1061 1630 δέ
1081 1571 1179 1630 ταῦτα
1193 1565 1317 1649 ἐδρᾶτο,

235 1668 330 1756 ἧέξω
350 1676 456 1753 τειχῶν
476 1667 635 1754 ὁρμωμένη
663 1675 726 1734 τῶν
742 1665 897 1752 Ῥωμαίων
920 1668 1059 1752 πληθάς,
1094 1667 1165 1743 τοάς
1187 1665 1321 1753 θαιροάς

235 1781 299 1840 τῶν
312 1778 416 1837 πυλῶν
428 1774 478 1836 καλ
490 1771 623 1854 μοχλοδς
635 1769 812 1854 διακόψασα
826 1775 875 1836 καλ
890 1772 1100 1858 συντρίψασα,
1128 1769 1214 1834 ἐνδον
1229 1765 1320 1854 είσῇει

235 1883 292 1941 τοῦ
307 1874 432 1954 άστεος,
461 1871 623 1957 ἀμύθητον
638 1871 734 1960 φόνον
749 1870 983 1960 αάτουρχήσασα
999 1879 1060 1938 τῶν
1072 1877 1217 1938 Σκυθῶν.
1249 1869 1366 1938 τότελὸ

236 1977 276 2060 δὴ
297 1979 347 2040 καὶ
364 1975 468 2062 Βορὴν
485 1981 699 2062 συλληφθῆναι
715 1975 846 2060 λέγεται,
874 1982 935 2042 τῶν
949 1981 1071 2041 Μυσῶν
1088 1974 1234 2056 βασιλέα,
1264 1972 1321 2038 σδν

235 2080 353 2164 γυναικί
367 2080 417 2144 καλ
432 2080 501 2142 δυσί
512 2081 638 2162 νηπίοις,
667 2076 754 2144 οὕτω.
762 2088 888 2164 πυρσοῖς
901 2079 957 2162 τὴν
971 2079 1057 2163 γένυν
1070 2074 1318 2162 περιπυκάζοντα,

209 2183 289 2245 Βκαλ
302 2185 517 2266 προσαχθῆναι
532 2186 576 2268 τῷ
597 2186 733 2264 βασιλεῖ’
760 2177 777 2246 ci
797 2182 849 2261 δέ,
876 2187 986 2248 τοῦτον
1002 2177 1179 2262 δεξάμενος,
1208 2176 1258 2256 διά
1273 2202 1322 2241 τι-

235 2288 297 2365 μῆς
315 2275 386 2367 ἦγε,
422 2284 564 2369 κοίρανον
588 2278 774 2369 Βουλγάρων
798 2283 976 2362 ἀποκαλῶν,
1011 2279 1139 2368 φάσκων
1156 2307 1206 2364 τε,
1239 2277 1321 2362 ἥκειν

234 2388 362 2462 Μυσοῖς
377 2383 575 2471 τιμωρήσων,
603 2384 686 2456 δεινά
701 2381 869 2452 πεπονθόσι
886 2384 961 2471 πρὸς
976 2391 1037 2450 τῶν
1050 2390 1192 2451 Σκυθῶν.
1326 2395 1365 2451 20

314 2516 350 2598 ζ.
380 2515 523 2600 Ῥωμαῖοι
545 2519 594 2601 δέ,
628 2518 710 2597 ἅπαξ
731 2520 969 2603 ἐμπελασθέντες
987 2527 1031 2607 τῷ
1053 2519 1154 2601 ἀστει,
1188 2515 1320 2606 ἐχάρουν

237 2620 289 2685 διά
310 2626 373 2685 τῶν
398 2627 575 2701 στενωπῶν,
609 2623 682 2698 τοάς
700 2623 757 2706 μὲν
777 2626 931 2705 δυσμενεῖς
951 2621 1192 2704 ἀποκτείνοντες,
1226 2623 1267 2688 τά
1287 2623 1321 2688 δέ

233 2719 379 2809 χρήματα
394 2722 617 2811 διαρπάζοντες.
650 2730 817 2814 τηνικαῦτα
834 2727 885 2790 καλ
901 2731 939 2812 τῇ
950 2727 1094 2815 βασιλείῳ
1110 2725 1188 2812 αι’·λῇ
1209 2725 1319 2812 προσί-

304 2905 330 2957 1.
353 2894 562 3026 άντοιδραρδεῖσα
577 2903 633 2955 οοδ.
681 2905 724 2959 17.
739 2900 822 2960 οὕτω.
839 2905 885 2958 Sic
899 2903 955 2958 oud.
979 2903 1052 2958 Fert
1069 2899 1157 2960 οάιιιο.
1202 2906 1245 2960 22
1262 2920 1320 2960 στε-

302 2973 413 3026 νωπῶν.
430 2971 463 3026 Vi
506 2971 641 3043 supra15.
657 2971 691 3027 l).

236 3129 284 3195 put
306 3139 357 3177 nna
382 3142 437 3179 eam
460 3123 560 3178 casside
578 3130 653 3178 extra
667 3141 752 3180 muros
769 3123 796 3178 in
814 3127 908 3180 terram
930 3125 1129 3195 provolveretur.
1170 3123 1229 3188 Qus
1251 3141 1319 3179 nova

234 3209 265 3246 re
279 3193 364 3247 oblata
376 3193 528 3248 succlamant
539 3193 661 3262 Romani,
679 3194 803 3264 primique
818 3195 978 3248 ascendentis
992 3195 1111 3248 virmtesu
1128 3195 1244 3247 semulati
1263 3211 1318 3248 ere-

234 3263 276 3316 bri
287 3279 332 3332 per
351 3263 434 3316 eeulae
455 3264 577 3316 ninantur.
612 3262 716 3316 Interim
727 3265 890 3332 Mesonyotes
902 3265 930 3316 in
944 3281 1040 3318 murum
1057 3280 1203 3332 emergens,
1219 3261 1318 3330 fastigii

235 3348 338 3399 compos
349 3333 447 3395 tactus,
464 3333 560 3385 liusena
573 3339 764 3402 propugnantes
779 3333 940 3416 quamplures
954 3333 1144 3401 cirmmquaque
1156 3333 1318 3384 obtrunoatos

235 3400 269 3450 sle
284 3415 354 3451 muro
374 3399 562 3468 praecipitarit.
601 3401 642 3454 Ita
658 3417 713 3454 curu
725 3401 795 3454 rnultr
809 3403 927 3454 celeriter
939 3402 999 3455 unali
1017 3417 1050 3452 ue
1069 3400 1218 3452 munitiones
1229 3417 1319 3452 ascen·

235 3467 347 3531 dissent,
365 3468 481 3536 omnique
503 3469 531 3521 vi
543 3470 630 3522 hostes
646 3469 823 3533 conciderent,
842 3469 956 3539 Scythae
978 3421 1074 3522 relictis
1090 3469 1218 3521 moenibus
1231 3468 1258 3520 iu
1273 3485 1319 3522 au-

233 3533 285 3586 lam
304 3535 401 3600 regiam
425 3551 495 3588 muro
516 3537 588 3590 firmo
600 3537 791 3600 circumdatam,
809 3538 853 3591 ubi
867 3540 979 3592 thesauri
994 3539 1136 3591 Moesorum
1152 3538 1318 3589 auersaban-

234 3609 286 3662 tur,
296 3603 407 3670 maspiter
419 3609 478 3654 aunt
491 3605 621 3674 eompnlni,
633 3605 790 3674 portulaune
804 3606 840 3658 ibi
851 3613 940 3674 aperta
952 3607 1049 3660 relicte.
1071 3607 1136 3658 Dum
1146 3605 1210 3657 haee
1225 3622 1318 3673 gerun-

234 3677 285 3734 tur,
297 3678 371 3722 extra
381 3687 465 3723 murus
477 3672 628 3726 circumfusa
635 3674 803 3728 Romanorum
816 3675 899 3743 eopis,
913 3675 1059 3726 cardinibus
1068 3673 1248 3742 repagulisque
1260 3690 1319 3742 por-

234 3741 318 3790 urum
329 3738 423 3791 excisis
433 3755 463 3792 sc
477 3742 629 3808 pertractis,
646 3742 672 3794 in
685 3743 805 3812 oppidum
819 3761 847 3794 se
860 3743 960 3807 intulit,
978 3743 1155 3810 ingentemque
1168 3742 1318 3812 Scytharum

234 3811 347 3873 stragem
355 3807 425 3860 seuit
446 3807 542 3861 Eodem
554 3817 668 3878 tempore
681 3811 768 3864 Borim
776 3811 917 3864 Moesorum
930 3827 1024 3878 regem,
1038 3811 1095 3863 rufa
1109 3827 1139 3862 ae
1153 3811 1319 3862 densaberba

234 3871 377 3941 insignem,
398 3891 449 3930 unu
470 3892 525 3929 eum
540 3893 619 3930 tuere
631 3878 779 3948 duobusque
791 3877 929 3932 infantibus
943 3881 1149 3946 comprehensum
1162 3878 1195 3930 ad
1207 3877 1319 3946 impera·

235 3945 365 4009 turemque
382 3943 517 3997 ardunum
535 3963 590 3998 esse
603 3946 688 4000 ainntr
705 3963 777 4016 quem
791 3947 836 4000 ille
849 3954 978 4015 receptum
991 3949 1087 3999 honore
1105 3947 1208 4008 hebuit,
1225 3947 1320 4015 princi·

234 4025 342 4092 pemque
354 4010 521 4080 Bulgarorum
534 4015 680 4083 appellarit,
692 4015 792 4068 venisse
803 4033 832 4068 se
843 4021 952 4069 neuun
960 4015 993 4068 ud
1004 4015 1163 4068 uleieeeutlas
1176 4016 1319 4068 Moesorum

234 4093 340 4130 tutunus
351 4078 483 4150 eScythis
498 4091 626 4154 acceptas.

302 4179 328 4233 7.
346 4180 468 4246 Romani,
490 4182 566 4236 semel
578 4183 605 4238 in
618 4183 739 4254 oppidum
751 4181 831 4247 illati,
849 4201 897 4252 per
911 4184 1062 4254 angiportus
1074 4203 1104 4238 se
1116 4185 1270 4248 effuderunt,
1286 4185 1319 4238 ad

237 4245 340 4300 tsednn
354 4249 460 4308 hostium
474 4250 644 4322 bonorumque
656 4253 823 4322 direptionem
835 4255 959 4308 murersi.
993 4254 1057 4308 lude
1072 4255 1169 4322 regiam
1185 4269 1320 4324 oppilant-
