2802 4624
333 290 379 358 IN
398 287 637 358 THEODOSII
657 287 907 368 ACROASES.¹
1078 280 1155 360 539

54 454 95 512 in
111 448 297 512 stationibus
315 454 484 532 continens,
507 449 746 531 omnihusprobe
759 453 946 533 constitutis,
965 453 1086 514 insulae
1102 475 1155 514 ur·

54 537 109 597 hes
124 541 206 596 omni
219 539 251 598 νὶ
264 549 431 642 oppugnat.

146 623 215 688 148.
241 619 300 696 Toie
315 616 460 702 στροφάς]
481 621 610 684 Averbo
626 618 693 702 στρὲ
693 644 752 700 φα,
763 622 866 701 flecto,
881 635 1013 702 torqueo,
1028 623 1156 685 deduxit

54 709 139 768 forte
155 707 338 768 Theodosius
355 728 464 766 nomen
487 703 618 805 οτροφας
638 706 676 765 ad
697 707 889 783 significanda
909 711 1040 770 militum
1053 712 1155 771 taber-

53 793 186 868 nacula,
206 811 257 852 seu
278 792 423 852 tentoria·
446 792 584 890 suspicor
602 802 700 852 tomen
718 793 875 872 legendum
893 795 995 874 potius
1010 816 1071 854 esse
1084 819 1155 877 τρο-

55 871 136 956 φάς.
174 873 279 956 Τροφη
296 877 374 936 enim
394 878 515 958 proprie
540 898 692 938 annonam
720 888 750 936 et
775 892 918 938 commeat
921 903 973 938 um
992 881 1156 959 significat·

55 983 94 1022 ac
115 961 217 1021 latiori
239 961 328 1020 etiem
347 962 437 1022 modo
459 984 514 1042 pro
533 966 669 1022 tentoriis
691 983 744 1022 seu
768 969 880 1023 caete-ic
894 966 1054 1046 accipitur,
1077 965 1158 1046 quod

55 1048 244 1106 adnotarunt
263 1047 596 1128 cruditiLexieogrsphi
618 1048 785 1128 Hesychius
808 1060 838 1110 et
861 1048 1062 1122 Phavorinus,
1083 1051 1157 1111 scri-

53 1133 163 1192 bentes
176 1137 299 1212 τροφῆς,
315 1127 417 1213 χάραξ.
450 1133 596 1232 [Στροφαλ
613 1131 868 1237 crporevpdroqvg
870 1137 932 1194 lobi
944 1137 1077 1196 militum
1091 1156 1157 1198 ver-

55 1217 165 1292 terim,
187 1225 222 1275 ut
235 1217 273 1274 sit
295 1217 532 1298 circumscriptio
556 1219 704 1280 exercitus
725 1219 758 1278 in
780 1213 885 1300 λόχους
906 1221 1006 1282 divisi.
1048 1224 1159 1282 Sensus

57 1301 142 1362 euim
155 1310 210 1378 eet,
231 1300 431 1401 Nicephorum
456 1313 551 1364 costra
568 1303 740 1379 munivisse,
762 1305 845 1364 urbis
859 1307 991 1367 munitae
1003 1306 1063 1366 ad
1054 1319 1159 1387 rnstar,

59 1406 139 1468 quoe
160 1385 289 1464 legiones
305 1388 492 1448 continerent
506 1398 535 1448 et
549 1398 715 1450 tuerentur.
727 1349 760 1448 H.
774 1386 810 1468 1.]

148 1473 219 1537 150
238 1469 410 1552 Ἑλληνικας
430 1468 572 1571 κήρυσσε]
594 1472 717 1534 Homeri
736 1460 822 1534 locus
841 1482 938 1533 exstat
956 1473 989 1532 in
1002 1475 1092 1536 ssiede
1103 1475 1158 1536 lib.

57 1553 265 1622 V11.v.435
287 1559 383 1618 ubi·
361 1580 404 1618 stc
427 1559 569 1620 describit
589 1580 708 1620 murum
728 1581 744 1620 n
762 1560 880 1622 Graecis
894 1559 1099 1640 aedificatum,
1122 1570 1159 1622 ut
1267 1572 1276 1580 '

56 1661 153 1702 naves
175 1651 205 1701 et
219 1651 316 1702 cestra
330 1645 567 1706 communirentt

270 1740 386 1809 παλδ’
401 1741 492 1810 αὐτὸν
507 1753 602 1827 τεῖχος
617 1744 739 1826 ἔδειμαν

122 1821 269 1938 Hippone
282 1825 321 1893 θ’
334 1828 490 1912 ὑψηλοΰς,
511 1828 594 1914 εἶλαρ
606 1835 691 1940 uqoio
706 1855 738 1894 τε
758 1824 863 1897 καλ’
823 1854 934 1895 οντων

122 1907 217 1976 ’Μ’
230 1909 347 2024 udsoiqs
368 1914 465 1994 πύλας
477 1917 631 1982 ἐνεποίεον
646 1940 679 1980 ευ
670 1908 849 1999 αραραλας,

115 1993 220 2106 ’Όφρα
233 1995 277 2063 δι’
293 1996 414 2065 αὐτάων
427 2003 592 2109 ἱππηλασίη
606 1997 675 2075 tute
692 2002 752 2104 εἴη·

116 2079 287 2146 Ἕττοοθεν
310 2083 344 2147 δὲ
365 2089 494 2164 βαθεῖαν
515 2081 566 2150 ἐπ’
582 2079 663 2170 edroi
675 2079 794 2168 τάφρον
808 2079 927 2164 ὄρυξαν,

124 2161 278 2250 Εὕρεῖαν,
299 2165 448 2250 μεηαλην·
464 2170 497 2235 ἐν
510 2169 544 2233 δὲ
555 2147 704 2244 σκόλοπας
716 2168 893 2248 κατέπηξαν.

260 2285 348 2367 apud
357 2298 460 2347 autem
475 2291 593 2368 ipsum,
614 2309 736 2347 murum
750 2297 955 2346 exstruxerunt

129 2375 299 2472 Turnoque
316 2374 408 2449 ultus,
431 2377 649 2433 munimentum
665 2376 791 2432 navitam
815 2383 842 2430 et
857 2373 1059 2454 ipcorummet.

127 2459 194 2518 In'
181 2461 258 2538 speie
273 2479 341 2518 νενο
352 2461 608 2537 portassecerunt
622 2459 691 2520 bene
704 2469 839 2540 optutus,

133 2545 173 2602 Ut
180 2565 237 2621 per
249 2543 323 2600 elluo
338 2548 483 2624 equestres
494 2566 548 2604 νια
561 2555 652 2603 ercet:
1173 2552 1206 2606 P.
1222 2551 1275 2609 381

1 2648 2 2707 j
124 2629 270 2688 Exteriuo
283 2640 381 2687 autem
391 2629 625 2710 prqsundum'
596 2651 679 2688 cereo
693 2629 919 2710 ipsumsossom
930 2623 1087 2704 foderunt,
1172 2621 1264 2678 othl

1 2713 2 2717 ’
124 2715 259 2790 Lotum,
279 2735 442 2796 magnum,
464 2727 493 2775 et
511 2718 545 2774 in
561 2737 597 2775 eu
610 2713 701 2774 audes
715 2725 825 2774 ocutos
838 2711 1010 2794 defixermu.

148 2833 219 2898 151
232 2827 286 2906 Ας
289 2827 433 2916 Ἕκτορος
446 2832 521 2918 χείρ]
537 2837 663 2894 Saevum
679 2833 715 2892 ab
727 2833 856 2894 Hectore
871 2832 1060 2892 commissum
1073 2852 1158 2914 prae-

60 2917 136 2976 lium
159 2917 198 2976 ad
212 2937 302 2978 neves
318 2929 348 2978 et
364 2920 587 3000 propugnacula
601 2917 783 2980 Achivorum
805 2918 899 2980 fusius
922 2917 1103 2980 describitur
1121 2917 1158 2978 ab

1 3044 2 3052 τ
61 3001 192 3064 Homero
215 3002 301 3062 Iliad.
318 3004 371 3064 lib.
385 3005 450 3064 XV.
465 3025 493 3069 v,
508 3005 580 3072 374.
602 3014 632 3065 et
649 3025 733 3084 seqq.

146 3085 224 3148 thid.
245 3083 342 3168 Βολή]
364 3090 409 3150 Ita
423 3089 540 3166 Codex,
563 3090 716 3150 Cornelius
740 3097 836 3148 autem
851 3087 924 3166 legit
941 3081 1045 3167 βονλη.
1077 3082 1158 3170 Βολη
1232 3085 1233 3093 ’

61 3173 198 3253 profecto
215 3171 251 3232 de
267 3175 385 3234 cunctis
399 3175 497 3251 armis,
513 3195 588 3272 quae
601 3178 686 3234 iactu
696 3173 810 3234 feriunt
823 3182 853 3233 et
868 3171 1019 3250 occidunt,
1033 3192 1049 3230 a
1064 3172 1159 3250 Grae-

64 3257 105 3316 cis
116 3257 242 3335 dicitur,
265 3278 358 3339 eaque
372 3279 433 3319 vox
447 3261 539 3339 megia
556 3258 628 3320 huic
640 3261 708 3319 loco
728 3259 851 3318 videtur
868 3256 1045 3329 convenire,
1066 3277 1159 3337 quum

61 3340 220 3405 Hectorem
248 3344 318 3403 telis
347 3344 501 3424 hastisque
521 3365 614 3405 neves
635 3364 672 3404 ac
691 3343 876 3405 munimenta
897 3301 1083 3406 Achivoritm
1105 3362 1159 3422 og-

62 3447 196 3555 gressum
213 3428 360 3490 Homerus
381 3431 500 3492 scribat.

1 3513 90 3596 ]
148 3515 218 3578 153
237 3507 465 3615 Ἅραχνοειᾷαὸς]
481 3515 580 3592 Quum
601 3513 749 3576 Homerus
771 3511 883 3574 dixerit
898 3511 1057 3573 Hectorem
1074 3519 1161 3574 tauto

63 3597 209 3695 impetu'
199 3619 230 3655 ιο
247 3599 401 3660 Graecos
391 3601 531 3676 irruisse,
555 3609 591 3660 ut
608 3621 709 3660 eorum
731 3599 952 3682 propugnaculo
968 3596 1027 3656 cito
1042 3597 1159 3656 deiece-

63 3682 118 3759 rit,
140 3679 325 3743 Theodosius
350 3692 488 3783 poetam,
510 3706 563 3747 seu
582 3685 682 3766 potius
707 3683 869 3745 Graecos
859 3705 941 3765 rpsos
960 3681 1162 3762 reprehendit,

63 3766 143 3867 quod
161 3787 263 3827 eorum
284 3769 468 3831 munimento
484 3771 556 3832 odeo
573 3772 681 3830 debilia
694 3770 913 3852 exstruxerint,
935 3777 971 3828 ut
987 3787 1163 3827 aranearum

63 3853 157 3914 inetur
177 3853 307 3912 excitate
324 3855 505 3916 viderentur.
549 3857 660 3916 Verum
676 3839 755 3916 hanc
771 3855 881 3918 erroris
895 3863 996 3914 notam
1012 3852 1161 3912 immerito

63 3939 193 3999 Homero
210 3937 313 4014 inurit,
334 3961 424 4019 quum
440 3941 632 4022 Apolhnem
622 3963 655 4000 ττι
673 3941 730 4002 hac
744 3941 961 4023 expugnatione
976 3937 1098 3998 Hectori
1111 3935 1163 3994 ad·

64 4025 189 4083 intorem
212 4023 322 4102 fuisse,
344 4045 379 4084 ac
398 4046 467 4085 cum
492 4047 526 4086 eo
545 4027 736 4088 dimicantem
757 4037 855 4088 turres
876 4023 1017 4088 nulline
1035 4020 1163 4082 diruisse

65 4109 213 4186 confingat
231 4109 318 4171 lliad.
334 4111 386 4170 lib.
401 4111 467 4172 XV.
485 4131 515 4172 v.
529 4113 601 4178 353.
623 4122 653 4173 et
669 4133 741 4193 seqq
951 4110 961 4127 ⁸

147 4195 218 4259 155
242 4195 282 4256 Οἱ
294 4193 326 4258 δὲ
343 4190 493 4277 στροφάς]
516 4197 652 4258 Artifices
668 4198 720 4258 hic
723 4134 953 4258 qdescribuntur
965 4190 1163 4251 allaborantes

1 4357 2 4360 Ἴ
65 4275 95 4336 in
111 4277 311 4342 fundamentis
325 4281 533 4344 substruendis
532 4303 626 4364 ,quoe
641 4303 733 4365 quum
750 4303 787 4344 ex
799 4281 878 4362 saxis
893 4276 1080 4366 potissimum
1090 4296 1162 4358 qus·
