2786 4620
220 267 297 342 ³14
549 273 784 346 NICEPHORI
803 271 981 344 PHOCAE

219 441 312 528 μόνου
319 488 330 521 ,
356 439 407 503 καὶ
423 437 500 528 πρός
512 437 569 523 τὴν
583 445 646 506 τῶν
658 438 822 525 είρημίνων
838 438 985 507 οῦστασιν
1001 423 1201 526 άσχολεΐσθαι
1208 489 1220 524 ,
1249 447 1325 520 πῶς

219 544 261 612 όν
282 567 329 620 τις
350 541 456 627 άμιηδς
477 539 552 608 εἶναι
570 544 678 618 κακίας
692 543 729 609 τό
744 543 865 628 ἀγαθόν
883 549 975 611 τοῦτο
998 547 1171 630 λογίσαιτο,
1197 545 1323 630 καὶμὴ

218 653 263 738 τῷ
279 649 353 734 σίτῳ
365 647 443 734 φαίη
455 649 688 731 παραμεμίχθαι
704 649 754 711 καὶ
769 646 811 711 τά
824 643 957 730 ζιζάνια,·
981 654 1100 730 μᾶλλον
1116 649 1166 730 δὲ,
1192 655 1262 725 πῶς
1279 649 1321 714 οῦ

218 751 391 828 κενοδοξίας
404 749 480 814 εἴποι
492 745 698 835 προκάλυμμα
711 752 850 834 γίνεσθαι
866 750 923 834 τὴν
940 755 1124 837 φιλοθείαν,·
1146 753 1198 816 ἵνα
1215 777 1317 838 φανε-

219 855 268 943 ροί
289 859 381 918 πῦσιν
402 845 478 934 ὦσι,
505 852 541 918 τό
556 851 650 918 καλὸν
665 859 838 934 ποιοῦντες,
867 851 969 941 ὥσπερ
991 853 1047 919 οῦκ
1065 855 1243 939 ἀγαπῶντες
1249 903 1260 934 ,
1290 857 1320 920 εί
1327 865 1347 921 5

217 955 332 1040 μόνους
342 954 443 1038 ἔχουσι
451 951 612 1042 μάρτυρας
625 955 698 1032 τοῦς
711 953 868 1042 παρόντας
878 947 915 1040 ἦς
928 959 1066 1040 μετίασιν
1081 956 1207 1045 ἀρετῆς,
1231 957 1318 1022 ἀλλὰ

216 1059 296 1143 μηδὲ
304 1069 369 1134 τοῖς
376 1059 588 1143 ἐπιγινομένοις
596 1057 773 1144 όηυοεῖσθαι
786 1055 902 1143 ταάτην
915 1057 1105 1143 βουλόμενοι.
1132 1063 1183 1125 καὶ
1197 1067 1312 1141 ταῦτα,

216 1163 312 1245 τίνες,·
341 1163 521 1247 χριστιανοί.
557 1163 631 1248 φεῦί
659 1161 688 1226 oi
711 1163 802 1227 παντί
824 1159 929 1252 τρόπιρ
950 1161 1117 1229 λανθάνειν
1135 1165 1168 1228 ἓν
1188 1169 1227 1250 τῇ
1248 1169 1315 1229 τῶν

216 1263 346 1349 dyneus
366 1261 471 1351 πράξει
485 1263 715 1347 κεκελευσμένοι.
755 1271 847 1331 τοῦτο
868 1266 902 1330 δὲ
915 1271 981 1342 ποῦς
994 1265 1050 1331 οῦκ
1064 1267 1103 1332 άν
1122 1291 1170 1342 τις
1182 1264 1314 1349 ἴκδηλον

217 1363 293 1432 είναι
307 1365 417 1447 δόξειε,
439 1370 490 1432 καὶ
506 1372 610 1455 πολλῷ
624 1375 669 1455 τῷ
684 1365 816 1454 περιόντι
831 1368 1062 1451 πεπιστευμένον
1069 1420 1080 1451 ,
1103 1367 1179 1435 όταν
1190 1371 1314 1451 μυρίων
1322 1381 1360 1435 10

218 1469 314 1536 ὄντων
335 1467 464 1558 ἓτίρων,
492 1476 553 1536 τῶν
575 1467 636 1534 ῦπό
658 1477 714 1536 τοῦ
730 1468 843 1559 χρόνου
866 1469 1095 1556 πεπονηκότων,
1124 1475 1175 1537 καί
1193 1477 1314 1555 πολλῆς

217 1573 367 1656 δεομένων
372 1569 474 1659 χειρός
486 1598 520 1638 τε
534 1575 584 1637 καί
595 1575 763 1657 βοηθείας,
790 1573 979 1654 ἀμελοῦντας
989 1571 1076 1659 ἡμεῖς
1086 1581 1144 1640 τοῦ
1156 1577 1199 1650 εἰς
1211 1575 1312 1640 deceive

216 1678 359 1766 δαπανᾷν
380 1673 570 1762 προθύμως,
604 1678 655 1740 καὶ
680 1679 889 1762 διορθοῦσθαι
917 1683 1036 1757 ταῦτα,
1072 1680 1122 1744 καί
1149 1684 1308 1769 συνιστᾷν,

216 1779 264 1842 ἐπὶ
277 1778 312 1843 τό
330 1789 515 1865 καινουργεῖν
530 1778 593 1843 ἴδια
607 1777 686 1843 κατά
699 1779 815 1863 πολλὴν
827 1776 988 1867 φερόμεθα
1004 1780 1061 1865 τὴν
1074 1777 1182 1867 δρμὴν,
1195 1783 1248 1846 ἵνα
1262 1780 1311 1864 μὴ

215 1877 312 1964 μόνον
327 1879 477 1964 ὀνόματος
494 1879 698 1964 άπολαόοιμεν
709 1889 814 1948 καινοῦ
821 1933 832 1963 ,
860 1882 939 1948 ἀλλά
957 1882 1008 1948 καὶ
1020 1889 1169 1970 καθαρῶς
1184 1885 1309 1971 φαίνοι·
1317 1893 1351 1950 15

101 1995 132 2048 P.
151 1995 201 2052 116
218 2009 253 2050 το
280 1986 331 2049 καί
350 1983 592 2068 άποτεταημίνον
613 1977 634 2071 ᾗ
653 1984 689 2050 τό
705 1981 868 2072 ἡμέτερον,
898 1982 940 2062 ιδς
955 1989 1005 2051 καὶ
1019 1989 1166 2053 τίθεσθαι
1180 1985 1220 2051 τά
1236 1983 1307 2051 δνό-

213 2113 300 2173 ματα
313 2084 399 2171 ἡμῶν
419 2088 466 2152 lui
485 2093 548 2152 τῶν
560 2093 655 2172 yonis·
662 2137 673 2169 ,
696 2089 775 2153 κατὰ
790 2089 845 2156 τὸν
858 2086 1020 2176 προφήτην
1034 2088 1128 2178 φάναι
1142 2089 1197 2155 τὸν
1208 2095 1303 2154 θεῖον.

215 2191 267 2257 διά
281 2197 373 2257 τοῦτο
387 2193 436 2255 καὶ
456 2181 534 2278 πρὸς
549 2189 608 2273 τὴν
622 2192 765 2277 ἐργασίαν
781 2197 842 2258 τῶν
858 2199 914 2258 τοῦ
928 2187 1069 2279 Χριστοῦ
1083 2193 1214 2280 δητολῦν
1226 2187 1308 2274 ῦμᾶς

215 2295 422 2381 διεγείροντες,
450 2296 570 2377 καὶτῆς
589 2299 756 2377 θεομισοῦς
771 2293 886 2380 ταότης
899 2297 1076 2383 φιλοδοξίας
1089 2294 1126 2360 τό
1142 2292 1236 2358 κακόν
1255 2295 1304 2358 ίκ-

216 2393 337 2463 κόπτειν
361 2392 541 2479 βουλόμενοι
550 2445 560 2476 ,
589 2401 640 2461 καί
663 2395 903 2478 σπουδάζοντες,
931 2395 1004 2486 όπερ
1024 2396 1063 2464 dv
1077 2397 1197 2482 άγαθόν
1210 2403 1346 2462 ποιῶ-θ)

216 2525 288 2581 μεν,
317 2499 368 2564 διὰ
396 2497 475 2565 Θεόν
497 2495 592 2581 μόνον
613 2511 708 2565 ποιεῖν
715 2549 726 2583 ,
754 2503 804 2566 καὶ
818 2500 863 2585 μὴ
885 2497 1046 2567 συνάπτειν
1059 2497 1159 2590 τοότιρ
1178 2502 1229 2565 καὶ
1249 2499 1306 2583 τὴν

216 2600 415 2688 ἀνθρωπίνην
428 2599 583 2688 ιλρίσκειαν
589 2650 600 2684 ,
620 2603 672 2669 ivo
688 2604 733 2688 μὴ
748 2610 804 2688 τῆς
817 2602 1013 2689 άντιμισθίας
1028 2601 1150 2680 πάντως
1162 2609 1219 2688 τῆς
1230 2601 1301 2690 παρ’

284 2765 328 2820 15.
349 2765 442 2820 κενοῦ.
511 2767 551 2820 18.
570 2765 677 2836 Χριστ.]
694 2765 810 2836 Κυρίου.

216 2919 273 2960 cum
293 2901 419 2958 facilitate
437 2903 524 2958 iecere
542 2901 618 2968 licet,
635 2905 662 2956 et
681 2901 820 2956 condendis
837 2901 957 2964 iudicatis
975 2903 1136 2972 incumbant3
1159 2921 1209 2975 quo
1228 2911 1302 2976 pecto

215 2973 274 3042 quis
287 2973 433 3028 existimare
447 2979 539 3042 quseat,
555 2973 645 3026 bonurn
659 2973 707 3025 hoc
720 2989 769 3024 non
782 2989 837 3025 cusu
852 2973 936 3044 sliquo
949 2973 1013 3026 vitio
1028 2975 1202 3036 coniunctum,
1218 2990 1250 3026 ec
1262 2973 1302 3025 di-

214 3060 275 3096 cere
293 3059 343 3095 uon
361 3043 470 3109 debent,
488 3043 579 3096 herber
601 3041 692 3095 noxias
710 3059 767 3093 esse
788 3041 875 3094 tritico
895 3043 1050 3112 permistas?
1074 3043 1147 3096 innuo
1164 3059 1242 3108 vero,

213 3109 272 3164 fieri
287 3112 384 3182 possit,
401 3119 430 3164 ut
443 3129 493 3164 non
506 3111 576 3164 dicet
588 3127 695 3168 amorem
706 3109 770 3174 Dei,
787 3127 921 3180 rerumque
935 3112 1089 3177 divinarum,
1106 3111 1139 3165 ed
1152 3127 1234 3165 venes
1272 3127 1301 3163 o-

214 3180 270 3238 riae
289 3187 447 3252 praetextum
466 3181 606 3250 usurparit
624 3197 673 3250 quo
692 3179 756 3232 teies
778 3179 876 3233 scilicet
894 3199 953 3234 cons
972 3182 1024 3234 icui
1041 3181 1093 3235 sint
1110 3183 1223 3234 omnibus
1260 3197 1301 3233 usn

214 3249 306 3302 bonurn
324 3251 426 3320 ntiquod
447 3250 562 3314 iaciunt,
579 3249 652 3319 quasi
674 3265 724 3299 non
743 3248 804 3300 setis
822 3249 857 3301 sit
874 3250 929 3314 eis,
947 3267 968 3302 τι
988 3249 1055 3303 solos
1077 3251 1104 3303 in
1123 3251 1171 3302 hoc
1189 3257 1301 3317 tempore

214 3325 364 3388 praesentes
377 3319 481 3371 virtutis
494 3319 564 3381 eius,
581 3335 655 3388 quero
671 3317 765 3380 colunt,
784 3324 864 3371 testes
880 3319 998 3388 habeant,
1016 3319 1060 3372 sed
1073 3319 1148 3372 etiem
1163 3318 1194 3370 ad
1216 3325 1301 3388 poste-

212 3404 256 3440 rus
276 3387 340 3438 hunc
362 3403 411 3439 non
429 3389 542 3455 ifflrotum
559 3403 615 3439 esse
637 3385 726 3439 veiint.
765 3385 801 3439 Et
819 3386 920 3458 quinem
941 3397 1015 3453 sunt,
1040 3388 1086 3459 qui
1104 3389 1168 3440 hoec
1184 3385 1302 3439 fuciunt

214 3453 358 3508 christiani.
393 3455 479 3510 Vcehi
497 3456 534 3509 iiii
553 3455 659 3520 scilicet,
676 3455 721 3524 qui
737 3454 801 3507 iussi
821 3464 880 3509 sunt
898 3455 924 3508 in
937 3457 1090 3528 peragendis
1106 3457 1181 3509 rebus
1191 3455 1265 3508 benis
1275 3453 1302 3507 id

213 3539 317 3592 operum
335 3523 413 3586 dere,
429 3533 460 3575 nt
471 3525 571 3576 omnino
586 3525 690 3578 luteum.
725 3523 764 3578 Et
779 3541 887 3593 quonum
901 3527 973 3579 modo
986 3525 1112 3597 quispiam
1124 3541 1173 3577 non
1183 3525 1233 3577 hoc
1247 3541 1303 3576 esse

212 3591 373 3648 mortifestunr
387 3591 531 3656 existimet,
548 3609 579 3645 ec
592 3593 647 3662 plus
663 3609 736 3660 quum
755 3594 927 3662 exploratum
969 3611 1000 3646 ne
1020 3594 1177 3647 monasteriis
1197 3591 1302 3646 infinitis

214 3659 382 3715 existentibus
400 3659 473 3725 otiis,
491 3677 557 3728 quue
577 3660 645 3714 iusso
666 3661 834 3715 diuturnitate
855 3671 975 3733 ternpons
997 3663 1146 3727 tabescunt,
1169 3677 1215 3714 nos
1233 3661 1259 3714 in
1272 3677 1304 3714 ee

214 3737 312 3784 sumtus
332 3729 413 3781 animo
433 3735 532 3798 promtu
552 3729 639 3782 iecere
657 3731 829 3801 negligentes,
847 3739 877 3784 ut
889 3733 1061 3785 instaurentur
1073 3737 1101 3784 et
1113 3737 1303 3793 conserventur,

213 3798 248 3851 ed
265 3813 344 3850 noves
362 3797 547 3851 exstructiones
562 3799 722 3868 propriorum
742 3801 950 3854 monasteriorum
968 3817 1057 3870 magno
1074 3801 1170 3868 inpetu
1181 3799 1304 3862 feramen

213 3871 243 3921 ut
257 3882 306 3920 uon
321 3867 395 3920 modo
407 3867 507 3920 nomine
519 3882 583 3925 veno
597 3868 719 3932 fruamur,
736 3869 783 3922 sed
796 3870 927 3934 etiamid,
942 3869 1010 3940 quod
1021 3877 1132 3922 nonnum
1144 3875 1193 3930 est,
1208 3867 1303 3937 liquido

213 3936 378 4007 conspicuum
396 3937 433 3990 sit
449 3943 476 3988 et
497 3935 530 3989 eb
542 3937 599 3989 aliie
612 3946 752 4005 secretum
769 3939 833 3992 adeo
847 3939 962 4009 quiden,
980 3945 1010 3991 ut
1022 3939 1098 3991 etiem
1108 3937 1210 3989 nomine
1220 3941 1303 3988 uostn

212 4005 290 4061 terris
311 4005 343 4059 im
363 4023 479 4068 cnenus,
496 4011 525 4058 ut
545 4005 632 4059 verbis
653 4005 733 4061 divini
753 4007 820 4062 sutis
840 4017 947 4060 uturum.
982 4007 1147 4080 Quapropter
1164 4011 1191 4058 et
1209 4004 1243 4058 sd
1258 4004 1303 4056 iru-

212 4075 308 4197 p'pende
320 4023 420 4128 cirini
437 4075 555 4127 mandute
575 4093 621 4129 vos
640 4077 795 4142 exsitentes,
813 4083 840 4130 et
853 4075 942 4130 vitium
958 4075 1101 4130 ambitionis
1121 4075 1197 4127 huius
1213 4083 1303 4126 exesse

239 4162 269 4196 eo
290 4140 440 4198 exscindere
453 4144 582 4207 volentes,
599 4153 626 4198 et
639 4146 751 4199 studidso
768 4146 795 4197 in
810 4147 858 4198 use
871 4145 1057 4210 incumbentes,
1073 4151 1104 4198 ut
1114 4141 1237 4214 quidquid
1246 4141 1303 4194 boni

219 4211 334 4277 '·cimus,
350 4213 400 4266 Dei
413 4211 492 4266 solius
505 4229 585 4266 ααωιε
598 4215 738 4280 sociemus,
763 4219 791 4267 et
806 4231 862 4275 curu
874 4232 913 4278 eo
933 4215 1043 4268 studium
1064 4211 1181 4284 placendi
1199 4208 1302 4264 hornini-

275 4297 326 4338 nuu
340 4283 533 4354 contengentes,
549 4295 584 4338 ue
595 4284 798 4346 renuumtioue
812 4285 845 4340 sb
859 4283 916 4356 ipso
930 4283 1107 4356 proficiscente
1118 4297 1224 4354 prorsus
1236 4278 1302 4336 erci-
