2780 4658
360 997 609 1104 u1c0ua'1
647 1025 877 1104 Manlau
917 1029 1195 1107 uooouru

420 1194 1022 1318 ‚'M0nluuu

749 1401 808 1456 DE
890 1402 893 1415 '

444 1537 739 1608 THEODOSII
772 1481 1110 1608 ACROASIliUS.

661 1798 891 1812 *nn—u*-

235 1933 373 2049 Cretam
385 1984 512 2047 insulem
525 1995 641 2045 centum
655 1985 737 2063 olim,
748 1993 784 2045 ut
794 1983 936 2047 Horatius
951 1987 1060 2048 cecinit
1073 1987 1125 2048 lib.
1133 1987 1184 2050 111.
1197 1988 1253 2055 0d.
1266 1995 1324 2058 27.

226 2101 375 2170 potentem
393 2086 539 2169 oppido,
562 2109 650 2168 quam
670 2088 797 2168 Agereni
813 2088 850 2148 ab
867 2089 1009 2170 Hispania
1030 2091 1156 2170 profecti
1176 2090 1326 2152 Michaele

144 2237 162 2256 ,.
230 2189 321 2282 Balbo
344 2191 536 2270 Imperatore·
548 2211 595 2250 an.
609 2190 678 2252 Chr.
694 2211 860 2253 ueeoxxrn.
877 2200 1111 2272 occupauerant,
1131 2193 1326 2275 Nicephorue

229 2291 343 2354 Phoeaa
357 2301 431 2352 tunc
445 2291 589 2377 temporie
602 2291 749 2371 Magiater,
771 2303 800 2354 et
806 2293 986 2362 ‚Scholarum
993 2295 1195 2355 Orientalium
1210 2297 1327 2365 Dome-

230 2394 340 2471 atioue,
361 2394 435 2455 fuaie
456 2395 619 2474 deletisque
640 2393 792 2474 barbaria,
819 2397 1017 2456 Romanorum
1032 2393 1159 2475 Imperio
1176 2397 1323 2476 restituit,

229 2497 362 2556 Romano
382 2495 504 2556 luniore
523 2496 704 2577 imperatore
718 2517 766 2556 an.
781 2495 850 2558 Chr.
864 2519 969 2560 curun.
993 2497 1080 2557 Hanc
1090 2497 1323 2578 expeditionem,

229 2595 355 2654 Romani
368 2595 556 2676 imperatoria
569 2597 661 2675 iurau,
676 2597 873 2680 aNicephoro
885 2600 1014 2660 maxima
1029 2599 1177 2660 celeritate
1191 2600 1325 2663 feliciter

227 2697 394 2756 conlectam
410 2709 565 2778 aequentea
573 2697 715 2761 Acroaaee
729 2701 862 2783 quinque
877 2703 1028 2763 celebrant
1036 2712 1067 2764 et
1084 2713 1238 2764 exornent.
1259 2704 1322 2764 Eae

228 2797 315 2858 edere
327 2797 486 2859 meditatur
502 2810 546 2862 eat
560 2801 631 2861 olim
639 2803 801 2882 Maltretua,
816 2803 867 2864 aed
884 2805 1014 2886 primum
1027 2825 1126 2887 nuper
1141 2803 1236 2866 edidit
1246 2805 1323 2866 Fla-

227 2897 337 2958 miniua
346 2899 508 2962 Corneliua
522 2902 630 2964 nobilia
642 2903 772 2965 Venetus
787 2905 821 2964 in
837 2926 892 2966 auo
904 2906 939 2966 de
953 2909 1042 2968 dieta
1058 2927 1149 2998 caera
1165 2925 1323 2966 commen·

227 3000 304 3061 tario
328 3009 403 3084 tom,
418 3001 441 3062 1.
455 3023 521 3084 pag.
533 3009 605 3072 269.
645 3005 753 3068 Nullua
769 3007 859 3087 aliua,
881 3009 935 3088 qui
950 3030 1000 3069 eae
1016 3007 1241 3089 complectatur,
1262 3027 1323 3068 ua-

228 3103 358 3182 quedum
371 3103 534 3167 irmoteaeit
543 3116 628 3167 vetna
643 3106 754 3187 Codex,
772 3119 890 3190 praeter
896 3109 1074 3171 Vaticanum
1086 3117 1221 3171 notatum
1234 3129 1321 3172 num.

228 3211 302 3275 997.
311 3207 419 3267 litteris
434 3227 528 3288 paene
539 3208 599 3268 iam
612 3209 870 3288 enoleacentibua,
884 3221 914 3270 et
926 3232 945 3271 a
958 3214 1081 3274 Notario
1097 3211 1207 3294 potius,
1225 3233 1320 3293 quem

105 3289 115 3317 i
230 3331 247 3368 a
267 3310 401 3372 Librario
422 3311 582 3390 acriptum,
603 3329 642 3370 ex
661 3321 805 3392 quotum
824 3313 995 3391 Meltretru,
1017 3314 1121 3374 Allatii
1141 3334 1231 3390 cura,
1251 3323 1320 3376 tum

229 3411 385 3472 Cornelius
406 3430 555 3492 accepere.
595 3412 699 3495 ltaque
720 3415 835 3475 easdem
855 3435 1007 3476 recensere
1027 3435 1063 3475 ae
1088 3415 1230 3476 recudere
1250 3416 1319 3478 iue-

228 3535 296 3592 aua,
317 3512 377 3573 hoc
397 3514 492 3574 nolum
517 3524 667 3596 praeatare
688 3517 789 3597 potui,
812 3525 848 3576 ut
868 3517 966 3597 ipsum
987 3515 1126 3575 Codicem
1139 3515 1319 3582 Vaticanum

176 3641 183 3650 ·
226 3616 338 3676 iterum
353 3615 548 3695 comulerem,
567 3625 598 3678 et
614 3636 682 3677 cum
696 3617 869 3677 Corneliana
885 3616 1015 3678 editione
1031 3618 1205 3692 conferrem,
1226 3640 1318 3700 quem

227 3717 357 3779 laborem
369 3737 432 3778 non
449 3717 512 3778 aine
524 3718 624 3779 fructu
639 3719 737 3798 exegi,
758 3719 813 3778 etei
835 3737 943 3798 anceps
957 3716 1082 3795 haereo,
1104 3729 1207 3781 utrum
1219 3733 1249 3782 et
1259 3743 1317 3802 ego

225 3825 307 3902 ipae,
326 3830 392 3880 tum
412 3818 450 3878 ob
473 3819 590 3880 Godieia
611 3820 701 3894 vitia,
722 3829 786 3880 tum
806 3819 844 3892 pb
858 3819 1035 3897 singularem
1048 3826 1155 3899 poene
1168 3823 1318 3903 sequiori·

226 3920 291 3982 aevi
302 3920 414 4000 atilum,
427 3923 526 3982 omnia
539 3922 614 3982 bene
629 3931 801 4001 assequutus
816 3920 880 3981 aim.
902 3919 1002 3994 Quone
1012 3923 1208 3984 dubitationes
1222 3946 1318 4004 quaa-

226 4023 295 4083 dam
315 4043 394 4089 meae
416 4045 451 4085 ac
475 4024 661 4085 coniecturae
687 4023 719 4083 in
741 4023 878 4083 subiectio
901 4023 1143 4087 adnotationibus
1163 4025 1315 4109 iudicabo,

224 4124 278 4184 ubi
302 4125 390 4186 etiam
410 4127 500 4206 plura
518 4145 697 4208 prosequar,
719 4143 794 4204 quae
815 4143 919 4184 aenaua
939 4125 1071 4188 anctoria
1092 4145 1250 4190 aerenum
1263 4127 1318 4190 hi·

225 4225 346 4286 storiam
366 4227 548 4289 luculentiae
565 4232 725 4308 uponant.
