2780 4658
490 245 747 316 PRAEFATIO.
1076 259 1173 310 mu

51 403 105 484 piis
119 411 176 460 sut
189 401 301 464 nimis
315 405 458 466 Romani
471 406 619 480 sermonis
634 406 780 486 religione
793 405 910 466 silentio
925 405 1101 486 praeterire,
1124 420 1175 472 aut
1303 425 1307 434 “

49 525 95 588 po
106 505 342 568 circuitionem
358 508 519 590 explicaro
536 492 682 588 voluerii,
703 529 760 570 nse
776 508 828 568 ills
842 507 916 567 mihi
931 509 1122 589 imprudens,
1144 522 1175 574 et

7 671 9 694 Ξ
52 607 129 667 euim
147 610 315 668 sentmtis
339 611 472 670 minime
491 611 632 671 standum
651 614 707 689 sit,
728 611 848 672 videtur
863 611 1052 672 iudicandus.
1094 614 1175 676 Ver-

7 695 9 740 ¹
53 709 124 770 sioni
138 712 257 772 Leonis
277 711 325 768 ad
344 713 518 790 marginem
534 715 712 776 exteriorem
729 713 872 774 lectiones
895 715 1012 774 Codicis
1030 726 1101 777 sunt
1119 739 1176 800 ap-

55 813 175 895 psn‘tse,
199 813 306 876 sicubi
323 834 450 892 rocem,
467 836 484 874 a
498 816 628 876 librariis
642 817 798 876 manifesto
815 827 997 898 corruptam,
1009 819 1043 878 iu
1059 829 1177 882 textum

53 917 162 996 nespi-
189 916 258 976 Ubi
272 915 433 976 dubitatio
449 919 582 996 suberat,
600 920 758 980 lectionem
772 919 888 978 Codicis
898 919 931 978 in
945 930 1033 982 textu
1047 925 1175 1002 servari,

7 1045 9 1112 p
57 1019 276 1080 coniecturam
293 1041 396 1080 neam
415 1021 514 1082 adieci
528 1022 562 1081 in
579 1043 647 1099 cra,
670 1021 696 1081 si
712 1020 802 1082 valde
819 1021 1020 1101 probabilem,
1041 1025 1177 1108 prsefima

7 1115 9 1174 l
58 1123 169 1182 litters
191 1123 214 1183 l.
230 1120 294 1181 lsoc
306 1131 357 1181 est
369 1122 447 1202 lege,
470 1122 519 1183 sin
535 1123 643 1202 minus,
663 1123 797 1205 praefixa
809 1125 841 1202 f.
852 1125 986 1200 fortasse
1002 1125 1081 1209 (nem
1090 1131 1177 1208 sorte

65 1223 211 1305 siquando
227 1225 421 1304 impressum
443 1235 505 1301 est,
527 1225 560 1286 id
582 1245 693 1306 aequus
714 1227 812 1288 lector
825 1227 1002 1290 oscitantiae
1016 1249 1177 1311 operarum

67 1324 216 1407 unibat).
239 1327 282 1386 Iu
294 1347 416 1386 summa
430 1326 464 1387 id
480 1327 535 1407 egi,
549 1335 585 1388 ut
601 1329 638 1390 de
652 1330 871 1411 suspicionibus
883 1331 966 1410 meis,
982 1353 1071 1412 quam
1083 1354 1177 1412 quss-

66 1449 124 1508 qos
145 1429 319 1509 probabilia
342 1428 384 1490 sit
407 1429 475 1492 sive
497 1449 591 1511 vana,
622 1453 714 1515 penes
738 1433 881 1496 lectorem
905 1435 1054 1498 iudicium
1080 1437 1177 1498 relin-

12 1541 219 1623 'quaem

149 1702 237 1764 XIII.
267 1705 431 1785 Superest,
453 1713 489 1764 ut
504 1705 543 1764 de
556 1704 696 1768 instituto
709 1704 911 1766 adnotationis
928 1725 1028 1784 mese,
1049 1705 1177 1766 maxims

73 1806 108 1866 sd
119 1807 270 1883 leonem,
293 1807 322 1867 si
345 1808 401 1888 qui
415 1819 553 1888 vagatum
567 1827 613 1868 me
633 1811 667 1868 in
680 1809 718 1868 iis
735 1809 824 1869 latius
841 1819 928 1889 atque
944 1807 1100 1869 deflexisse
1112 1829 1178 1870 sse·

71 1930 233 1990 pmumero
259 1909 299 1968 de
320 1911 373 1970 via
396 1920 523 1992 putent,
544 1911 625 1994 apud
642 1911 858 1974 existimatores
880 1910 987 1972 harum
1005 1933 1106 1973 rerum
1126 1913 1178 1971 in-

73 2012 239 2092 telligentes
258 2021 288 2072 et
303 2033 418 2094 aequos
437 2012 543 2094 paucis
557 2035 605 2074 me
617 2033 752 2096 purgem.
794 2013 911 2076 Etenim
925 2014 1063 2074 intellexi
1077 2013 1178 2094 tripli.
1193 2019 1225 2074 P.
1242 2021 1309 2074 svn

80 2115 153 2173 ἀίει·
167 2114 234 2173 fieri
248 2135 354 2194 posse,
378 2124 415 2173 ut
430 2115 551 2175 editoris
571 2117 604 2175 in
621 2137 711 2198 opere
727 2117 899 2197 exequendo
916 2116 1058 2175 sedulitas
1077 2117 1181 2176 lauto-

83 2237 150 2276 rum
160 2225 329 2278 nostrorum
341 2217 569 2277 benevolentiae
582 2218 769 2297 aliquatenus
786 2217 988 2297 responderet.
1029 2219 1097 2276 Uno
1116 2237 1180 2276 mo-

80 2319 132 2397 du,
153 2321 354 2400 siseriptores
367 2320 464 2399 ipsos,
486 2321 587 2398 quales
602 2319 636 2378 in
652 2318 833 2379 membranis
852 2317 1055 2388 offendissem,
1076 2318 1180 2376 subls-

78 2424 116 2482 tis
139 2433 260 2483 mutum
277 2422 449 2483 manifestis
472 2422 604 2498 mendis,
627 2421 729 2482 addita
748 2421 855 2482 Latina
878 2419 1031 2494 versione,
1054 2418 1179 2480 arbitrio

79 2527 265 2587 amorum
286 2527 506 2608 permitterem.
556 2525 687 2602 Deinde,
717 2507 786 2585 cum
810 2523 939 2604 plurima
963 2531 1061 2581 essent
1083 2541 1181 2601 nuper

77 2629 110 2688 in
123 2629 315 2689 Bibliotheca
331 2628 443 2707 Regia,
464 2627 559 2687 mults
573 2629 725 2709 supersint
741 2627 780 2686 sd
792 2626 871 2686 hanc
889 2624 984 2698 diem,
1006 2624 1105 2684 adres
1118 2625 1181 2704 By-

78 2733 213 2792 ssntinss
235 2731 464 2812 quodammodo
484 2731 685 2812 pertinentis,
713 2749 809 2808 neque
833 2727 911 2788 edita
935 2727 1051 2805 adhuc,
1084 2746 1180 2806 nequa

79 2855 211 2915 unquam
234 2835 349 2916 opinor
374 2832 422 2918 (ut
445 2854 527 2893 nunc
547 2845 618 2893 sunt
638 2829 787 2914 tempora)
812 2831 926 2908 integre
946 2829 1047 2889 lucem
1068 2828 1179 2905 visura,

80 2937 164 2998 Vites
179 2941 382 3014 Sanctorum,
405 2936 549 3017 epistolae
561 2939 688 2999 fratrum
704 2939 893 3008 devotorum,
916 2932 1099 3002 antistitum,
1122 2953 1181 3012 ps-

79 3039 301 3118 triarclrarum,
321 3048 468 3100 tractatus
484 3039 658 3118 dogmatici,
681 3036 820 3112 ascetici,
845 3034 984 3116 polemici
997 3053 1103 3113 magno
1119 3054 1182 3094 nu-

80 3160 161 3200 mmo
170 3188 179 3218 ,
203 3145 327 3203 annales
341 3162 460 3223 quoque
476 3142 599 3220 inediti,
622 3139 809 3222 pervolutsre
825 3159 858 3198 es
874 3137 1005 3198 studiose
1020 3147 1108 3216 atque
1125 3157 1181 3196 ex-

82 3263 205 3324 cerpere
223 3245 311 3325 coepi
330 3243 475 3324 quicquid
492 3245 588 3304 lucem
609 3245 715 3304 afferre
736 3251 855 3324 poterat
872 3239 958 3299 anuis
974 3239 1112 3315 sedecim,
1132 3236 1183 3318 qui

83 3367 100 3404 a
115 3358 217 3407 morte
234 3348 425 3409 Constantini
439 3347 501 3409 Vll.
522 3347 799 3428 Porphyrogenetse
819 3345 893 3426 (xv.
911 3343 1070 3403 Novembr.
1088 3338 1182 3422 959.)

85 3448 121 3507 ad
140 3450 339 3528 Tzisuiscem,
366 3471 398 3512 x.
427 3451 544 3515 Ianuar.
564 3457 772 3536 9762veneno
796 3448 960 3522 sublatum,
989 3446 1183 3520 effluxerunt,

86 3571 277 3632 quorumque
294 3553 468 3614 memoriam
489 3555 548 3614 Leo
564 3555 739 3634 complexus
759 3561 813 3612 est.
854 3549 914 3608 Ubi
935 3569 1001 3608 cum
1023 3548 1186 3630 praecipue

85 3653 154 3712 usui
167 3653 245 3712 mihi
258 3655 371 3716 suerint
383 3655 525 3716 historiae
538 3657 629 3729 duae,
651 3657 744 3716 alters
757 3651 902 3713 Simeonis
916 3651 1094 3729 Logothetae
1108 3649 1184 3732 (vid.
1305 3655 1309 3664 '

86 3755 203 3818 Harles.
221 3756 299 3818 liibl.
316 3758 368 3821 Gr.
382 3759 448 3819 Vll.
466 3759 537 3825 685.
558 3756 609 3840 l),
631 3759 724 3819 altera
742 3756 813 3818 Iulii
834 3755 965 3815 Pollucis
989 3753 1039 3837 (de
1055 3775 1112 3834 qus
1127 3753 1186 3812 in·-

87 3857 129 3918 in
151 3864 223 3926 179.
241 3855 308 3939 li),
333 3859 385 3920 hic
404 3861 503 3920 secere
522 3882 585 3920 nou
605 3881 744 3940 possum,
774 3857 847 3938 quin
864 3857 1041 3918 Italicorum
1061 3873 1183 3936 quoque

88 3959 275 4020 eruditorum
294 3959 327 4020 in
342 3981 390 4022 me
406 3961 557 4038 animum,
579 3981 669 4040 quem
693 3960 838 4040 singulari
860 3959 961 4020 officio
978 3958 1089 4030 luerit,
1114 3976 1185 4035 grs-

88 4070 137 4122 tus
147 4083 390 4125 commemorem.
424 4065 499 4125 Nam
513 4065 670 4146 repentino
687 4065 758 4124 suni
773 4061 864 4130 1815.
877 4073 1021 4144 tempore,
1045 4081 1114 4120 cum
1126 4069 1186 4120 sta-

88 4173 170 4248 tuae,
192 4166 334 4246 tabulae,
362 4167 478 4248 reliqua
496 4168 653 4230 civitatum
673 4177 847 4230 ornaments
865 4166 994 4228 Parisios
1016 4163 1089 4225 olim
1110 4181 1186 4223 con·
1252 4167 1255 4172 '
1354 4244 1358 4252 Ι
