2768 4620
233 231 312 305 2³8
514 233 576 300 DE
604 229 907 302 VELITATIONE
926 229 1111 298 BELLICA

210 393 325 452 unum.
341 387 393 447 ια’.
427 387 497 458 Περί
514 383 704 452 καταστάσεως
720 387 769 444 κοιλ
789 383 950 455 ἐξαντλίσεως
965 385 1013 442 καί
1026 385 1181 458 γυμνασίας
1200 387 1331 456 στρατοῦ.

307 503 348 569 Εἰ
369 501 405 566 ιλέ
423 525 456 586 γε
475 497 671 588 θαρρήσουσι
693 503 826 583 nosipsos
851 500 1050 584 διαχωρίσαι,
1085 495 1207 584 εὐφυῶς
1227 501 1278 564 ἀεῖ
1295 523 1331 566 σε

232 603 363 681 τούτους
375 601 647 687 ἐπιτηδεύσασθαι,
675 600 902 666 ἀποστέλλοντα
916 608 978 666 τῶν
991 597 1052 664 ἀπὸ
1068 599 1105 666 σέ
1119 625 1188 666 τινα
1204 600 1333 693 ἀνδρεία

233 713 285 776 καὶ
300 709 436 798 ἐμπειρία
449 706 689 790 κεκοσμημένον,
715 703 795 787 μετὰ
810 704 1065 785 καθωπλισμένον
1080 707 1157 768 λαοῦ
1171 706 1224 770 καί
1239 706 1332 792 ἐξαρ-

235 818 379 890 κοῦντος,
406 809 481 886 τούς
497 807 766 891 διεσκεδασμένους
786 813 849 872 τῶν
868 809 1020 888 πολεμίων
1039 807 1249 894 κατατρέχειν,
1279 811 1334 874 καί

235 914 385 1000 ἀναιρεῖν,
414 913 467 977 καὶ
487 908 646 994 δεσμώτας
665 920 769 975 ποιεῖν.
805 914 863 973 ouri
885 911 920 974 ιίέ
938 909 1091 993 μηδέποτε
1109 911 1289 976 καταλυέτω
1311 907 1367 995 ἥδ

233 1014 421 1104 παράταξις·
444 1015 513 1094 ἰ’να,
540 1016 566 1078 εί
580 1019 684 1098 συμβῇ
699 1010 844 1098 φοάλκοις
859 1015 1011 1094 πολεμίων
1027 1022 1194 1096 περιτυχεῖν
1207 1018 1336 1095 πλῆθος

120 1133 151 1188 Ρ.
172 1125 223 1186 154
239 1119 340 1204 έχουσι
362 1122 440 1182 λαοῦ
448 1165 460 1198 ,
487 1117 565 1203 πρὸς
585 1114 727 1204 φυλακὴν
745 1114 864 1197 δηλαδὴ
887 1121 948 1180 τῶν
969 1112 1157 1192 ἐξελθόντων
1177 1118 1336 1198 πολεμίων

235 1224 498 1300 ἐπακολουθοῦσι,
526 1218 582 1302 τὴν
599 1221 680 1284 ίιίίαν
695 1217 772 1300 έχων
787 1213 957 1304 παράταξιν
973 1217 1211 1301 συνισταμένην,
1238 1217 1337 1284 πόλε-

235 1351 297 1410 μον
310 1323 389 1406 μετά
404 1329 459 1388 τοῦ
476 1320 613 1409 φοάλκου
631 1318 793 1386 συνάπτων
810 1327 1017 1408 στρατηγικῶς
1031 1323 1081 1385 καί
1096 1323 1260 1408 ἐμπείρως,
1290 1317 1338 1398 ὥς

236 1425 424 1508 ἐξεθίμεθα,
452 1427 645 1509 καταγωνίση
667 1419 813 1502 τούτους,
841 1426 892 1488 καί
916 1427 1018 1512 τελείῳ
1040 1419 1228 1512 παραάιάσῃς
1244 1424 1336 1511 cipes-
1345 1435 1380 1488 10

237 1533 345 1616 νισμῷ.
380 1532 479 1593 ταῦτα
498 1527 532 1592 δέ
546 1531 588 1602 είς
603 1527 658 1610 τὴν
674 1526 731 1609 σὴν
747 1522 932 1614 ἀσφάλειαν,
962 1519 987 1593 ὦ
1005 1527 1172 1613 στρατηγέ,
1200 1527 1252 1592 καί
1274 1535 1337 1594 τοῦ

238 1636 316 1696 λαοῦ
340 1627 551 1716 φυλάττεσθαι
572 1626 803 1713 ἀπεμνησαμεν,
832 1628 889 1713 είγε
910 1628 1067 1714 ὀλιγοστόν
1086 1631 1150 1695 ἐστι
1171 1628 1207 1696 τὸ
1220 1626 1281 1695 ἀπὸ
1297 1631 1338 1697 σέ

235 1729 423 1819 στράτευμα,
451 1733 502 1796 καί
518 1731 737 1820 εὐαρίθμητον,
766 1734 817 1796 καί
831 1739 886 1795 τοῦ
900 1739 963 1796 τῶν
979 1733 1130 1814 πολεμίων
1146 1731 1225 1797 πολι)
1239 1734 1336 1800 ἐλατ-

235 1831 392 1916 τούμενον.
427 1836 454 1898 εί
476 1835 510 1900 δέ
530 1839 596 1920 περί
612 1835 673 1910 ’τὰς
692 1831 727 1911 ἐξ
747 1833 766 1918 ἢ
788 1835 875 1899 πέντε
892 1835 1034 1917 χιλιάδας
1054 1835 1274 1920 ἀπαριθμεῖται
1293 1837 1336 1903 τὸ
1378 1839 1380 1844 ’

234 1933 296 2004 int
311 1917 346 2002 ἀί
359 1932 513 2020 μάχιμον,
541 1942 659 2022 μᾶλλον
674 1937 753 2004 κατά
770 1935 935 2023 πρόσωπον
955 1936 1178 2014 ἀντιτάξασθαι
1195 1949 1259 2015 τοῖς
1272 1947 1380 2004 rso-15

236 2041 351 2123 λεμίοις
365 2041 530 2123 ἐπεέχθητι.
565 2042 616 2106 καὶ
632 2039 729 2117 οὕτως
749 2039 800 2106 διά
813 2047 990 2124 μηχανικῶν
1004 2038 1266 2128 στρατηγημάτων
1281 2044 1338 2108 κοιλ

209 2133 476 2227 Βέπιτηιλεάσεων,
511 2144 538 2208 εί
564 2143 642 2230 χρὴ,
677 2146 728 2208 καί
749 2141 909 2227 ἀδοκήτων
930 2143 1003 2208 κατ’
1029 2143 1131 2210 αὐτῶν
1154 2144 1335 2227 ἐπιθέσεων,

235 2247 288 2312 καί
309 2247 335 2310 εί
353 2251 454 2322 καλῶς
474 2247 526 2310 καί
548 2247 695 2331 ἐμπείρως
716 2245 770 2312 τάν
792 2246 863 2312 κατ’
889 2244 992 2311 αὐτῶν
1008 2243 1171 2332 μηχανῆσῃ
1187 2244 1336 2330 πόλεμον,

72 2357 126 2414 rou
140 2357 194 2418 ³99
209 2347 320 2434 τιέᾂων
334 2347 390 2433 τὴν
404 2352 545 2434 Χριστοῦ
559 2354 615 2414 τοῦ
632 2351 711 2414 Θεοῦ
724 2345 812 2432 ἡμῶν
829 2345 1066 2432 ἀκαταμάχητον
1078 2347 1230 2433 βοήθειαν
1242 2373 1337 2416 συνε-
1378 2359 1380 2398 ³

235 2449 456 2535 παμάνουσαν,
484 2448 602 2536 μεγάλα
623 2451 703 2516 κατὰ
722 2459 785 2516 τῶν
807 2453 930 2537 ἐχθρῶν
951 2453 1036 2535 νίκης
1057 2449 1170 2538 ἐργάσῃ
1187 2448 1380 2538 epiduarum

216 2569 217 2574 ’
237 2554 294 2621 οὖν
315 2553 383 2619 ἐνὸν
405 2553 438 2618 δέ
458 2551 558 2628 ἀλλως
577 2560 785 2640 στρατηγικῶς
801 2555 851 2618 καί
871 2555 1020 2640 ἐμπείρως
1038 2555 1115 2642 πρὸς
1133 2554 1186 2636 τὸν
1201 2551 1340 2637 πόλεμον

236 2657 536 2742 παρασκευασθῆναί
555 2679 589 2721 σε
595 2704 606 2736 ,
635 2659 662 2721 εί
681 2657 726 2742 μη
746 2653 894 2743 πρότερον
914 2654 1086 2744 ίξασκήσης
1106 2660 1156 2722 καί
1174 2655 1339 2722 innecteri-

238 2780 296 2850 σης
315 2756 350 2822 τὸ
371 2753 430 2820 ἀπὸ
454 2757 489 2822 σέ
507 2753 701 2842 στράτευμα,
728 2761 839 2839 ἐθίζων
861 2758 938 2824 αὐτὸ
959 2763 1011 2825 καί
1028 2757 1219 2845 ἐγγυμνάζων
1239 2759 1282 2836 είς
1300 2785 1337 2828 τε

309 2891 334 2944 1.
359 2879 481 2954 ederedo]
500 2881 599 2954 ἀφυῶς
615 2885 692 2944 codd.
760 2888 801 2941 18.
822 2886 871 2944 καί
889 2888 923 2943 εί.
945 2887 992 2942 Sic
1006 2887 1080 2942 oodd.

394 3019 457 3075 cnr.
474 3025 540 3076 xm.
573 3025 611 3076 De
622 3029 695 3089 stetu,
711 3031 833 3078 armatura
847 3031 872 3079 et
886 3029 1058 3080 exercitatione
1071 3029 1179 3079 miiitum.

310 3123 364 3180 Sed
384 3123 407 3178 si
428 3125 524 3180 sudent
544 3127 694 3182 esmrvatim
711 3127 878 3198 praedatores
898 3147 955 3184 sse
969 3129 1120 3199 disperare,
1137 3128 1216 3181 debes
1230 3127 1277 3181 bos
1289 3147 1340 3184 so·

241 3194 318 3250 tertia
333 3195 449 3248 adhibite
459 3195 597 3262 invadere,
614 3197 690 3252 misso
705 3215 755 3250 une
769 3201 802 3252 de
813 3199 864 3252 ibis
875 3199 921 3270 qui
934 3201 980 3253 sub
990 3207 1018 3251 te
1027 3197 1149 3262 militent,
1164 3195 1265 3250 bomine
1277 3198 1339 3254 vir-

241 3269 298 3317 tute
309 3271 388 3332 etque
399 3281 447 3316 usu
452 3265 593 3385 dprsedito,
610 3284 668 3320 cunr
681 3274 778 3321 armata
789 3285 865 3321 manu
878 3285 944 3336 quae
958 3267 1084 3329 sufficiat,
1102 3267 1189 3346 bustes
1202 3265 1338 3335 dispereas

239 3331 379 3394 insectari,
395 3332 450 3386 oeci
470 3350 528 3398 ere,
544 3334 662 3404 captivos
679 3337 772 3392 tacere.
807 3338 901 3404 Neque
922 3343 1005 3388 tamen
1019 3339 1047 3384 tu
1059 3341 1127 3386 tuam
1140 3349 1220 3386 acrem
1231 3337 1337 3391 snivsse

240 3409 271 3452 ut
283 3401 307 3452 si
324 3399 432 3464 eccidit,
450 3409 478 3454 ta
498 3403 525 3455 in
538 3402 629 3472 globos
644 3405 755 3458 bostium
766 3422 869 3458 nurnero
881 3402 995 3456 veientes
1007 3401 1136 3464 incidere,
1154 3402 1198 3471 qui
1210 3405 1337 3473 praesidii

240 3484 320 3521 oense
338 3470 505 3537 praedatores
525 3472 636 3527 insecuti
648 3473 716 3539 siut,
733 3481 778 3526 tua
798 3473 854 3526 soie
867 3472 1005 3533 instructa,
1023 3469 1174 3539 praelioque
1188 3489 1244 3525 esum
1256 3475 1335 3542 globo

240 3537 301 3601 iiio,
317 3535 438 3592 bonorum
451 3539 543 3595 dueum
555 3558 624 3596 mors
636 3558 667 3594 ae
682 3543 781 3610 perite,
799 3549 828 3594 ut
841 3540 1016 3610 exposuimus,
1032 3539 1180 3605 commisso,
1198 3558 1335 3611 expugnes

240 3605 314 3669 ittoa,
331 3611 358 3658 et
369 3606 484 3660 tundore
498 3610 533 3662 ad
544 3609 741 3664 internecionem
752 3610 847 3664 deleas.
880 3609 953 3662 Haeo
966 3614 1040 3673 turae,
1058 3627 1073 3660 ο
1090 3609 1158 3674 dux,
1175 3611 1336 3680 militumque

240 3679 344 3728 tuorum
355 3674 445 3730 salutis
455 3679 646 3732 oonserrandse
657 3695 736 3732 cause
745 3677 893 3741 monuimus,
909 3676 1045 3747 siquidem
1057 3683 1119 3732 tuse
1133 3678 1224 3749 enpiee
1237 3695 1336 3762 pense

240 3751 310 3807 sunt,
328 3751 356 3797 et
368 3752 465 3811 tenues,
483 3753 512 3800 ut
518 3747 622 3802 hostiles
636 3747 688 3799 iliis
703 3747 835 3816 plurimum
848 3753 989 3816 praestent.
1023 3747 1077 3802 Sed
1089 3747 1112 3799 ai
1126 3748 1173 3800 sub
1186 3747 1267 3816 signu
1281 3747 1335 3802 tuis

241 3820 406 3868 numerantur
426 3832 472 3869 aex
494 3821 539 3868 sut
556 3815 669 3884 quinque
684 3815 764 3869 millia
774 3825 943 3880 armatorum,
959 3817 1041 3886 megin
1054 3817 1167 3870 nirenta
1178 3817 1273 3872 adoriri
1286 3817 1337 3870 bo-

241 3885 295 3936 stes
316 3883 472 3940 oontendito.
507 3883 544 3936 Et
562 3884 602 3936 sie
624 3882 723 3937 oailidis
740 3884 853 3937 oonsiliis
869 3889 897 3938 et
914 3887 1076 3950 commentis,
1091 3887 1113 3940 si
1126 3903 1189 3954 opus
1207 3893 1263 3949 est,
1278 3895 1336 3940 tum

241 3950 319 4006 etiarn
338 3951 476 4021 insperatis
492 3952 742 4022 procursationibus,
757 3959 829 4006 reete
843 3969 873 4006 se
891 3954 976 4024 perite
992 3955 1083 4008 belbsm
1098 3953 1222 4008 adversm
1230 3972 1276 4008 eos
1287 3953 1337 4007 sd-

239 4019 404 4084 ministrans,
421 4020 445 4072 si
463 4023 543 4076 babes
562 4022 667 4092 insuper
687 4021 787 4076 Christi
804 4022 855 4076 Dei
873 4023 956 4078 nostri
973 4023 1094 4077 inuictum
1113 4023 1232 4077 auxilium
1264 4041 1293 4076 ro
1305 4025 1337 4078 ts

242 4104 421 4158 propugnans,
439 4107 473 4143 ex
495 4089 606 4144 victoria
628 4095 718 4144 uentre
737 4093 826 4146 bontas
840 4109 933 4162 magna
945 4093 1083 4146 constitues
1094 4099 1209 4162 tropaea.
1244 4041 1336 4156 ὅσοι·

242 4172 318 4224 quarn
333 4156 390 4209 fieri
408 4174 459 4210 non
477 4165 583 4227 potest,
598 4167 628 4212 ut
640 4159 749 4213 coeteris
769 4162 845 4214 rebus
859 4162 1021 4232 imperatorie
1033 4179 1063 4214 ao
1074 4161 1186 4214 scienter
1197 4161 1230 4214 ad
1242 4162 1337 4216 ballum

242 4227 272 4278 te
288 4240 381 4295 pares,
397 4225 449 4280 uisi
463 4225 536 4298 prius
550 4229 698 4284 exercueris
713 4235 792 4302 etque
801 4230 927 4286 erudieris
938 4231 1026 4302 oopiss
1037 4237 1111 4296 tuas,
1126 4231 1248 4300 subigens
1258 4237 1337 4299 etque
