2802 4624
250 271 326 352 644
452 283 493 358 N
512 283 562 353 Μ
582 282 783 354 FOGGINll
802 281 1148 355 ADNOTATIONES

246 444 363 506 virtuts
375 453 527 526 reportata
543 452 586 503 est
607 402 645 504 de
660 441 813 504 Saracenis
827 441 954 503 victoria
962 487 972 522 ,
991 443 1076 523 qnasi
1091 464 1159 504 cum
1174 441 1354 527 Nicephoro

248 539 355 590 contra
368 549 417 590 eos
433 528 617 610 pugnaverit.
650 529 737 589 Corte
753 523 859 592 ιιῖιιλεᾶ
872 529 1075 612 σιρατηγὲτην,
1086 530 1264 610 gloriosam
1277 534 1352 590 Du·

129 622 163 682 P.
180 629 232 688 383
249 637 320 692 cem,
335 617 428 675 Deum
442 615 477 674 ab
491 615 594 674 eodem
604 613 774 694 Nicephoro
788 614 970 694 appellatum
982 634 1070 694 supra
1084 615 1216 674 vidimus
1227 619 1350 679 Acroas.

144 695 591 767 00t11.v.63.ub1111um
582 710 713 778 invocat,
738 709 771 760 ut
787 700 985 760 adauxilium
1000 699 1228 760 sibiserendum
1246 713 1351 761 contra

248 785 390 848 barbaros
406 784 515 846 veniat.

334 873 386 936 35.
406 865 519 952 Σιόμα]
550 869 591 930 Os
609 887 734 949 nempe,
762 889 816 929 seu
834 868 934 928 hiatus
959 870 1055 929 fossas
1073 869 1173 946 iilius,
1204 869 1240 928 in
1261 891 1351 949 qnam

250 959 411 1017 Saracenos
429 977 528 1014 caesos
543 954 682 1014 incidisse
697 955 860 1056 superius
846 955 1004 1015 enarravit.
1038 954 1173 1035 [Ποινῆς
1191 951 1290 1035 στόμα
1306 958 1352 1015 di-

251 1051 333 1102 ctum
347 1040 531 1121 videturpsr
549 1039 745 1120 periphrasin,
759 1050 796 1100 ut
810 1034 1095 1141 οτόμαῦσμίοηςΠ
1109 1041 1179 1100 XX.
1195 1043 1270 1108 359
1284 1035 1352 1104 otd-

250 1149 292 1210 μα
307 1128 464 1206 δηϊοτῆτος
477 1149 523 1207 ap.
538 1127 770 1207 QuintSmyrn.
786 1129 814 1190 1.
829 1129 898 1191 198.
910 1119 1044 1205 οιστόμα
1059 1119 1172 1206 χάρμης
1185 1146 1236 1205 ap.
1256 1126 1351 1188 Eund.

251 1219 281 1280 1.
295 1212 367 1278 485.
382 1213 464 1290 quod
479 1222 592 1271 veteres
611 1211 802 1271 Grammatici
817 1209 1053 1290 interpretantur
1066 1207 1099 1273 vd
1116 1205 1351 1291 κοτεργασιιιιιί-

250 1318 339 1360 aaron
352 1295 440 1379 piper
453 1321 507 1360 του
496 1295 663 1376 πολέμου.
690 1297 765 1357 Est
756 1297 847 1373 agitur
860 1299 969 1375 ποινῆς
985 1291 1078 1376 στόμα
1092 1307 1220 1354 cruenta
1235 1295 1350 1369 caedes,

246 1403 362 1464 poenae
377 1384 441 1441 loco
456 1383 595 1441 hostibus
610 1384 738 1462 inflicta,
759 1391 793 1441 ut
809 1390 933 1461 apparet
947 1399 984 1439 cx
1000 1381 1135 1456 proximo
1151 1401 1256 1440 versu.
1270 1381 1305 1440 F.
1313 1377 1349 1464 1.]

336 1471 386 1534 36.
406 1467 571 1546 Hanania]
593 1467 660 1526 Hoc
675 1467 816 1540 verbum,
838 1465 918 1545 quod
935 1465 968 1523 in
987 1466 1095 1525 Codice
1111 1465 1148 1526 ob
1164 1464 1291 1524 chartae
1307 1468 1350 1524 vi-

250 1553 329 1612 tium
343 1555 434 1612 ferme
448 1554 569 1611 omnino
587 1553 684 1631 periit,
699 1551 838 1629 quodque
854 1551 920 1610 ideo
937 1551 1091 1610 Cornelius
1103 1551 1224 1631 penitus
1238 1551 1348 1624 omisit,

249 1657 290 1698 ax
302 1637 469 1698 litterarum
487 1637 617 1714 vestigiis
634 1636 732 1696 adhuc
752 1635 959 1715 superstitibus
975 1635 1019 1694 sic
1036 1637 1193 1714 legendum
1214 1637 1348 1698 videtur.

336 1723 387 1788 40-
407 1720 629 1803 Ὁδοιπορῆσαι]
652 1724 696 1783 lta
711 1721 831 1798 Codex,
850 1719 1133 1803 ιιοιιὸὅοιιιονῆσαι,
1156 1722 1349 1801 quemadmo-

248 1807 319 1870 dum
335 1807 429 1866 edidit
444 1807 607 1866 Cornelius.

334 1890 412 1951 laid.
435 1886 590 1971 Ειῖκόλως]
611 1892 657 1950 Ita
671 1890 788 1968 Codex,
809 1911 872 1951 non
885 1885 1016 1967 α’κόλως,
1037 1899 1074 1950 ιιι
1085 1889 1117 1950 in
1130 1889 1263 1950 editione
1279 1891 1348 1952 Cor·

249 1976 333 2038 nelii.
374 1976 576 2058 Nicephorus,
606 1987 642 2036 nt
662 1977 741 2038 viam
758 1977 796 2036 ad
818 1977 1007 2037 conamodum
1030 1975 1077 2035 aui
1090 1977 1242 2036 exercitus
1263 1978 1347 2036 facile

246 2072 441 2141 coaequaret,
462 2061 577 2122 hiatum
594 2062 676 2122 illins
696 2065 792 2122 fossae
810 2062 898 2122 iussit
911 2059 1037 2141 repleri:
1061 2081 1188 2140 cunique
1204 2082 1240 2120 ea
1254 2082 1346 2142 propa

246 2147 363 2209 moenia
385 2149 600 2207 Saracenorum
619 2157 710 2222 esset,
730 2168 769 2206 ne
787 2149 913 2222 milites,
937 2148 1007 2206 dum
1029 2166 1105 2225 opus
1126 2147 1310 2225 perficiunt,
1330 2167 1346 2205 a

247 2231 382 2294 barbaris
395 2234 475 2292 laedi
490 2241 621 2313 possent,
645 2254 693 2292 eos
709 2233 910 2292 testudinibus
924 2229 1039 2312 protegi
1056 2232 1219 2294 mandarit.
1255 2233 1344 2292 Pone

246 2315 323 2378 haec
341 2317 459 2378 testudo
475 2317 615 2378 riechina
636 2326 701 2378 erat
713 2319 853 2392 tectoria,
877 2317 989 2378 ecorio
1011 2316 1186 2395 duriorique
1208 2316 1268 2376 alia
1283 2338 1345 2375 ms-

245 2403 321 2464 terio
345 2403 471 2483 desuper
489 2412 641 2479 contecta,
669 2423 745 2482 quae
764 2403 857 2464 muris
877 2403 1012 2478 admota,
1042 2410 1107 2460 tuto
1125 2403 1158 2460 in
1180 2421 1212 2461 aa
1236 2402 1345 2461 milites

246 2488 428 2550 continebat.
470 2487 561 2548 Hunc
573 2487 733 2547 Theodosii
745 2489 844 2548 locum
860 2487 995 2568 apprime
1011 2483 1142 2546 illustrat
1155 2486 1252 2546 Iulius
1268 2488 1345 2546 Cae-

247 2593 297 2634 sar
312 2573 348 2632 da
361 2573 443 2644 Bell),
453 2573 600 2632 eivitlib.
615 2572 651 2631 II.
667 2593 731 2654 cap.
745 2581 774 2640 2.
786 2573 838 2632 ubi
853 2571 1020 2651 itainquit:
1043 2569 1245 2630 Antecedehat
1255 2583 1345 2630 testre-

248 2655 288 2716 do
306 2655 422 2736 pedum
444 2660 505 2719 Lx.
531 2657 734 2737 aequandi
750 2659 828 2716 loci
842 2659 1088 2733 causa,facta
1103 2660 1173 2714 item
1188 2660 1344 2733 exfertis-

246 2744 336 2800 aimis
348 2742 453 2821 lignis,
471 2743 610 2802 involuta
625 2743 868 2814 omnibnsrebus,
886 2742 996 2823 quihus
1005 2745 1088 2822 ignis
1102 2745 1203 2800 iactus
1218 2753 1247 2800 et
1262 2744 1343 2820 Inpi-

248 2825 301 2890 des
318 2825 441 2905 descendi
456 2840 590 2908 possent.
615 2828 691 2889 Vide
704 2830 795 2910 plura
813 2829 893 2909 apud
914 2828 1083 2888 Vitruvium
1098 2827 1151 2890 tib.
1165 2829 1284 2909 X.·cap.
1294 2833 1341 2895 m

250 2923 281 2978 et
294 2917 349 2982 21.

216 3037 224 3044 -
332 2998 385 3064 44.
398 2993 480 3078 Ἄγε]
503 2997 538 3058 ln
563 2996 693 3056 editione
715 2997 846 3058 Cornelii
869 2993 1023 3076 legitur'
1002 2995 1079 3079 orio,
1108 2995 1203 3059 sed’'
1181 3021 1235 3082 αγε
1255 2996 1341 3058 resti·

248 3082 396 3144 tuendum
412 3103 475 3144 esse
488 3092 647 3143 contextus
661 3093 756 3159 certe,
778 3104 929 3144 assensus
944 3084 1008 3162 ipse
1023 3085 1169 3164 poematis
1185 3101 1341 3188 expsoscpre

248 3167 400 3227 videntur.
443 3165 529 3249 [Ἆγι
545 3169 569 3228 F
571 3189 679 3247 oggrnn
695 3188 814 3230 versum
830 3169 1008 3249 pessumdat.
1053 3170 1169 3230 Codicis
1182 3161 1306 3227 lectio’
1286 3163 1340 3248 nn'p

249 3251 276 3314 ai
293 3273 362 3312 vara
384 3261 444 3327 est,
467 3254 651 3314 Theodosius
674 3260 772 3313 a'erern
794 3255 892 3334 ipsum
914 3255 946 3313 in
962 3253 1166 3314 testimonium
1188 3253 1224 3312 de
1247 3271 1341 3350 pogna

249 3336 393 3396 acorrima
408 3339 554 3418 appellat,
576 3338 656 3418 quod
674 3340 801 3398 telorum
822 3337 976 3398 hostilium
991 3341 1069 3400 nube
1081 3340 1228 3420 repletus,
1252 3337 1341 3397 vicis-

248 3419 305 3482 sim
319 3423 521 3481 Romanorum
536 3425 619 3484 tela
609 3445 641 3482 ιιι
659 3423 758 3484 hostes
773 3425 850 3484 iacta
864 3433 1034 3486 retorserat.
1079 3421 1180 3486 Xiroiv
1202 3424 1266 3483 atiri
1284 3423 1342 3482 tri-

247 3504 300 3566 bui
321 3506 421 3608 potuit
442 3509 700 3587 eadernimagine,
726 3530 800 3589 quae
820 3511 898 3570 inest
916 3530 947 3571 v.
971 3515 1021 3576 62.
1052 3503 1234 3588 λιιιτόνητον
1263 3506 1342 3586 (aive

247 3585 464 3676 λεπτόστημον)
487 3591 611 3675 altinae
623 3589 741 3668 πλατος
782 3595 832 3654 Sic
846 3595 975 3654 Pisidas
966 3616 999 3652 ιιι
1013 3593 1154 3655 Hexatm.
1175 3614 1205 3654 v.
1224 3595 1292 3658 135.
1308 3589 1344 3650 de

248 3677 323 3736 coeh
336 3675 467 3735 ambitu
489 3680 658 3752 Στολίζεται
672 3675 753 3740 da
719 3703 772 3742 τον
783 3703 893 3760 χιτωνα
905 3703 958 3740 τον
972 3677 1073 3784 μέγαν,
1101 3673 1255 3755 Tindion,
1271 3682 1343 3738 uio-

247 3759 360 3824 odivra
375 3763 490 3867 κερκίδι
503 3763 583 3848 ξένῃ,
598 3759 706 3838 Xenis,
722 3766 840 3845 διαυγῆ,
856 3760 973 3839 λεπτόν,
986 3757 1184 3844 ἦραιοιμένον.
1214 3762 1257 3822 lb.
1273 3767 1343 3828 271.

249 3852 301 3909 a'ar
320 3857 447 3907 vocatur
461 3843 588 3928 οφισμα
601 3844 708 3912 tercado
729 3859 760 3908 et
779 3849 828 3932 ἔργ
830 3872 866 3911 ον
887 3843 1077 3930 οέρὸσιημον.
1110 3848 1205 3908 Vel
1182 3868 1226 3906 sic
1244 3857 1345 3906 tamen

250 3942 323 3994 aunt
334 3934 504 3993 nonnulla'
496 3955 528 3994 ιιι
545 3934 592 3996 his
606 3933 761 4006 versibus,
783 3953 860 4012 quas
874 3955 935 3994 non
952 3935 1087 4015 expedio.
1108 3933 1142 3994 F
1159 3931 1193 4012 1.]

334 4019 387 4086 45.
412 4023 474 4081 Tou
486 4024 545 4082 σοῦ
559 4021 695 4098 χιτῶνος]
718 4019 907 4079 Testudinem
928 4038 1049 4102 nempe,
1071 4040 1160 4100 quam
1176 4018 1273 4079 veluti
1290 4037 1345 4079 ve-

249 4111 323 4164 stem
340 4104 506 4182 quendam,
528 4123 583 4163 sen
595 4111 799 4180 tegumentum
813 4103 1013 4184 metaphorice
1027 4104 1175 4164 describit.

336 4187 414 4248 thid
441 4185 521 4270 Τήν]
552 4187 662 4246 Omisit
684 4187 767 4248 hunc
793 4189 956 4252 articulum
969 4189 1139 4297 Cornelius:
1167 4209 1226 4269 qua
1251 4187 1288 4248 da
1311 4206 1343 4248 ra

249 4289 373 4333 versum
391 4271 486 4334 edidit
501 4273 726 4338 claudicantem.
