2786 4620
266 295 343 375 tto
419 276 696 376 'moenera
715 301 777 372 nx
795 259 966 372 nrsron
983 301 1165 372 antron

269 464 405 542 meni,
435 461 470 524 in
494 483 596 543 agrum
617 462 799 524 Edessennrn
821 461 1041 542 irrumpentes,
1070 464 1152 529 1000
1175 477 1263 537 ores,
1291 459 1366 530 600

267 577 371 628 ueros
387 575 417 626 et
433 571 475 632 10
494 565 576 625 viros
595 564 705 624 Araba
721 565 918 624 abduxerunt.
958 561 1048 622 Hisce
1062 562 1246 645 tenporibua
1266 583 1365 642 quun

267 669 394 731 Romani
409 666 553 730 drabibua
570 667 776 749 praevalerent
788 674 819 727 et
830 664 999 747 diripiendo
1019 663 1118 724 omnis
1133 684 1228 746 usqne
1245 664 1290 724 ad
1300 663 1364 726 Δι-

267 771 395 832 naeniam
415 769 556 830 maiorem
577 769 795 850 pervenissent,
816 769 1016 828 Amenorun
1034 767 1098 844 illi,
1120 765 1175 847 qui
1193 775 1279 826 nsetn
1289 809 1299 843 ,
1321 785 1363 826 ne

266 874 305 934 eb
319 871 478 948 tubum,
500 880 658 952 propterea
671 871 755 950 quod
769 869 931 931 Cbrietisni
944 878 1057 948 essent,
1077 877 1279 945 narrentur,
1300 887 1362 928 an·

266 975 417 1052 fugeram,
437 971 470 1032 in
485 972 559 1034 fines
571 974 772 1035 Romanorum
787 992 818 1033 ae
828 973 1031 1033 contulerunt.
1049 1018 1053 1026 .
1070 971 1196 1032 Romani
1209 969 1362 1031 dednunt

264 1073 325 1134 illis
340 1073 501 1135 Sebaatism
516 1075 549 1135 in
559 1075 753 1156 Cappadocia,
774 1074 865 1151 unde,
887 1093 979 1154 quum
993 1093 1134 1142 atumem
1151 1092 1255 1134 eorum
1267 1071 1361 1134 vata·

265 1185 372 1238 anctna
387 1185 478 1253 earet,
498 1178 659 1256 miserunt,
681 1178 734 1258 qui
746 1177 862 1237 arcibus
876 1175 913 1236 ab
928 1175 1073 1236 Arabibus
1095 1176 1190 1257 captis
1205 1175 1378 1257 prsesidis-

263 1287 371 1340 essent.
418 1279 454 1338 ln
472 1279 610 1340 omnibus
635 1277 874 1360 expeditionibus
898 1276 931 1338 ht
952 1297 1070 1359 quoqne
1094 1278 1214 1338 hmani
1239 1276 1359 1358 pedites

262 1399 333 1441 cnm
353 1380 494 1440 Romanis
511 1381 667 1460 exierunt,
691 1401 835 1463 prospere
850 1381 1025 1462 plerumque
1036 1380 1222 1462 proeliantes.
1265 1378 1357 1440 llice-

260 1481 394 1566 phorum
414 1483 609 1544 demeaticum
627 1503 696 1543 cnm
711 1485 913 1544 Romanorum
925 1482 1020 1563 copiis
1032 1503 1050 1541 e
1065 1482 1177 1544 llalebo
1188 1499 1354 1557 pernetam,

262 1605 356 1666 quum
381 1585 571 1646 Simsndoam
597 1585 800 1666 perveniant,
828 1585 941 1647 nuncio
966 1585 1004 1645 de
1028 1595 1125 1646 morte
1148 1583 1227 1662 regis
1251 1583 1353 1660 ‘fl'i‘t

263 1707 366 1749 omnes
379 1686 439 1748 riri
450 1687 601 1768 principes
609 1707 677 1747 cunr
685 1686 1102 1768 Scbumnscbclrigounenimi
1114 1705 1261 1748 eensnsu
1273 1705 1354 1745 anne

262 1787 448 1848 Graecorum
469 1793 551 1857 1276
570 1789 850 1868 pronunciaverunt
868 1807 967 1867 regern
988 1797 1019 1850 et
1030 1807 1147 1850 servum
1165 1789 1231 1849 eins
1250 1786 1354 1848 Sciru-

262 1888 489 1969 muaclrclrignm
504 1890 709 1953 domerticnm.
739 1889 806 1951 Hoc
820 1889 860 1950 ad
870 1889 983 1952 bellum
996 1911 1065 1952 cuna
1080 1889 1229 1953 Arsbibus
1246 1909 1353 1970 gersu-

262 1991 336 2054 dum
350 1991 488 2068 dimisso,
507 1991 572 2072 ipse
586 1992 865 2074 Constantinopolin
876 1993 1024 2072 ingressam
1038 1992 1073 2054 in
1088 2013 1179 2073 regno
1195 1993 1354 2055 conlima-

263 2099 314 2153 tua
324 2101 378 2154 est.
399 2092 655 2175 Sclrnmuachclrig
666 2095 876 2176 blopaveatisna
889 2115 945 2177 per
958 2102 979 2166 7
994 2095 1057 2156 dies
1070 2095 1186 2156 obsedit
1198 2105 1230 2156 et
1247 2115 1353 2176 quna-

260 2199 313 2260 vis
329 2199 398 2281 plus
413 2219 503 2280 quam
518 2199 670 2279 sexaginta
682 2198 758 2258 locis
775 2219 893 2260 murum
909 2197 1105 2279 perfodisset,
1125 2198 1243 2278 ingredi
1254 2208 1352 2258 umen

262 2321 327 2363 non
338 2303 448 2383 potuit.
489 2303 593 2383 ltaque
614 2319 718 2380 agrum
738 2301 801 2363 eiua
820 2310 851 2363 et
866 2322 951 2382 agros
964 2303 1086 2364 Adanae
1100 2312 1131 2362 et
1144 2301 1230 2362 Tarsi
1245 2299 1349 2362 ineen-

261 2401 318 2464 dit.
364 2403 579 2484 blopsvestenis
600 2405 685 2473 6000
705 2403 840 2466 virerum
860 2404 953 2466 Tsrso
975 2403 1087 2465 auxilio
1105 2411 1271 2480 vernant,
1297 2400 1351 2462 sed

260 2504 388 2566 llornani
407 2505 525 2566 obviam
542 2505 615 2566 facti
637 2523 810 2572 eonomnes
831 2505 1022 2588 occiderunt3
1050 2525 1110 2587 quo
1129 2506 1225 2582 acro,
1244 2503 1350 2564 relicte

259 2604 350 2682 urba,
372 2605 582 2670 diswsernnt.
622 2605 658 2668 ln
680 2606 783 2668 Cilicis
800 2627 906 2688 magna
922 2610 1014 2671 lanes
1035 2617 1101 2670 orta
1116 2617 1179 2688 est,
1198 2625 1289 2687 qnam
1309 2605 1349 2666 ob

249 2725 325 2795 ¹reus
346 2707 487 2787 permulti
517 2709 628 2769 Anbar
648 2709 825 2770 Demsacum
852 2711 1057 2792 conlegerunt.
1109 2709 1209 2772 Etiam
1234 2705 1347 2786 llalebi,

260 2807 396 2870 llsranae
417 2819 449 2870 et
469 2811 593 2872 Edessae
618 2811 717 2890 gravia
737 2813 829 2874 fames
846 2813 915 2876 luit.
963 2813 1051 2874 Anno
1075 2821 1145 2894 post
1162 2810 1346 2872 Domestieus

257 2911 367 2974 iteam
381 2912 515 2974 Ciliciam
528 2913 675 2994 ingresans
689 2913 901 2997 Mopsveetisrn
917 2914 1102 2997 oppugnsvit
1119 2933 1175 2996 per
1187 2922 1251 2976 tre·
1263 2931 1346 2974 aneu·

258 3035 320 3094 sas,
341 3015 394 3077 sed
408 3035 577 3098 expugnare
591 3035 652 3078 non
669 3016 784 3098 potuit5
804 3017 906 3097 itaque
924 3037 1018 3098 quum
1030 3015 1128 3081 rnoxbi
1137 3025 1168 3079 et
1178 3014 1345 3099 pestilentie

259 3119 361 3202 rnpias
373 3119 562 3201 infestarent,
581 3115 693 3180 tributo
706 3117 845 3201 imposito
858 3118 939 3186 abiit.

342 3221 431 3286 Anno
446 3225 628 3286 Graecorum
640 3227 701 3290 127
701 3225 723 3288 6
733 3268 742 3302 ,
753 3219 885 3284 Arabum
897 3221 978 3296 064,
992 3236 1084 3312 quum
1095 3239 1150 3285 rex
1163 3217 1345 3302 liioeplrorus

260 3323 517 3408 Constantinopoli
533 3327 701 3386 Cononem
712 3323 916 3405 Cappadociae
926 3323 1027 3386 sedern
1036 3323 1249 3402 menime,
1269 3323 1343 3384 Tar-

260 3443 359 3484 seneea
378 3435 409 3488 et
426 3427 645 3509 blopareateni‚
665 3423 754 3488 mirso
768 3426 807 3486 ad
826 3445 896 3488 eum
915 3425 1030 3506 legato,
1054 3425 1234 3488 deditionem
1251 3423 1342 3506 polli-

260 3532 376 3603 eentes‚
397 3545 495 3606 regem
508 3527 592 3588 abeo
606 3531 800 3609 expetierunt
840 3527 1005 3610 Respondit
1016 3528 1084 3590 ille:
1104 3528 1215 3606 „Nunc
1227 3528 1342 3590 demean

258 3645 353 3707 quum
364 3627 402 3688 de
414 3646 516 3708 regum
528 3637 696 3690 vestrorum
707 3629 821 3692 anxilio
833 3630 1021 3711 desperentca
1033 3648 1143 3690 annm
1155 3628 1342 3694 adsranbas

257 3727 317 3788 iarn
328 3727 487 3791 vescimini
499 3739 529 3793 et
536 3731 706 3813 pestilentia
715 3753 771 3795 vos
783 3731 921 3809 sbsnrnit‚
937 3730 1014 3793 mibi
1024 3751 1081 3794 ros
1094 3732 1258 3794 subiicietis
1269 3729 1340 3815 (taus

255 3829 312 3890 diu
330 3828 451 3913 nempe)
484 3831 580 3896 donee
602 3834 682 3896 rires
704 3834 965 3917 recuperaveritia,
998 3844 1034 3896 ut
1051 3835 1195 3896 rebellare
1213 3833 1340 3915 possitis.

255 3931 348 3994 Vobis
367 3952 387 3994 s
406 3953 454 3994 me
473 3935 519 3998 nil
537 3934 597 3996 niai
614 3935 730 4017 gladiua
752 3936 952 4019 expectandus
973 3931 1053 4001 ast-'³
1100 3935 1221 3998 Litteris
1240 3953 1339 3998 eorum

255 4052 346 4114 nuper
357 4031 445 4114 legati
460 4036 557 4120 capite
570 4036 613 4101 ite
628 4038 807 4118 combustis,
827 4049 863 4100 ut
874 4037 966 4100 huius
981 4057 1100 4120 qnoque
1111 4036 1203 4101 barba
1217 4036 1337 4098 conabu-

252 4145 387 4212 reantnr,
408 4133 538 4218 legatum
549 4137 647 4203 eiecit.
689 4141 767 4204 Tum
779 4139 858 4204 una
871 4152 918 4204 est
929 4141 1066 4223 quotidie
1077 4145 1141 4210 000
1153 4149 1339 4202 mortuorunt
1377 4177 1378 4180 =

251 4235 348 4300 lectos
361 4251 379 4299 e
390 4239 481 4305 Tunc
496 4241 589 4306 elatos
609 4261 681 4308 esse.
728 4244 794 4310 llex
807 4241 993 4330 tliceplaoaus
1010 4251 1187 4328 rongragsto
1206 4241 1338 4308 ποιοίη
