2786 4620
252 277 329 351 aas
544 281 803 354 insertum
831 280 1028 351 LEGATIO
1338 230 1366 315 Ι

253 455 313 506 tor.
354 439 411 502 Sed
425 449 594 517 serventur,
616 441 775 522 inquiunt,
796 450 828 502 et
839 461 992 523 quousque
1016 437 1226 499 Sanctissimae
1240 435 1350 519 Impe-

252 553 334 606 rator
356 546 554 604 Romanorum
572 542 756 624 Nicephorns
771 545 846 604 haee
866 543 1006 606 resciscat
1019 541 1112 619 mala,
1133 539 1220 619 gravi
1237 549 1348 600 custo·

255 645 306 706 die
326 653 516 708 macerentur.
565 645 642 704 Dum
663 645 737 705 baec
757 645 964 720 resciscerem,
993 644 1094 704 felices
1114 662 1180 722 eos,
1201 642 1348 721 qnoniam

255 767 414 830 pauperes,
435 766 482 806 me
495 745 660 821 infelicem,
682 747 749 825 quia
764 747 906 823 divitem,
928 745 1067 805 indicavi.
1109 745 1183 802 Cum
1198 742 1286 802 domi
1298 762 1348 801 es-

256 870 331 926 sem,
352 869 416 908 mea
433 867 480 906 me
493 848 632 908 voluntas
645 867 804 927 pauperem
820 848 992 927 excusabat,
1014 845 1275 926 Constantinopoli
1290 863 1348 904 ve-

256 972 291 1011 ro
305 949 435 1030 positus,
458 951 558 1011 Croesi
573 971 619 1009 me
632 949 739 1009 habere
755 949 873 1008 divitias
892 949 984 1008 timor
1005 949 1069 1030 ipse
1088 947 1213 1011 dicebat.
1258 949 1347 1004 Sem·

150 1057 206 1112 Col.
222 1059 241 1115 2
255 1073 310 1132 per
325 1050 400 1110 mihi
417 1053 573 1132 pauperies
587 1052 693 1130 gravis,
709 1060 783 1110 tunc
797 1050 859 1110 risa
874 1061 918 1111 est
929 1051 1015 1127 levis,
1034 1061 1108 1110 tunc
1120 1057 1253 1129 accepta,
1269 1055 1347 1104 tnnc

254 1155 466 1235 amplectenda.
509 1151 847 1234 Amplectendantiqua,
872 1172 946 1231 quae
961 1172 1030 1213 suos
1050 1151 1172 1233 perimi,
1193 1149 1345 1208 subiectos

255 1256 313 1316 sibi
332 1254 474 1335 flagellari
490 1269 552 1315 non
565 1256 688 1336 patitur.
730 1254 770 1314 Et
783 1254 853 1332 quia
867 1253 940 1314 haec
958 1264 1114 1335 paupertas
1130 1251 1344 1312 Constantino·

255 1357 319 1441 poli
341 1359 438 1418 solum
459 1378 527 1417 suos
544 1357 587 1416 ita
610 1355 759 1434 defendit,
781 1356 884 1415 eodem
909 1356 948 1416 eit
973 1353 1157 1416 solummodo
1183 1351 1343 1431 diligenda.

255 1460 368 1538 Igitur,
389 1458 571 1539 Apostolicis
592 1457 709 1518 nunciis
729 1457 762 1516 in
782 1476 927 1517 carcerem
950 1458 1084 1534 traditis,
1104 1456 1264 1538 publicane
1291 1455 1342 1516 illa

257 1561 382 1642 epletola
403 1560 568 1640 Nicephoro
588 1560 620 1618 in
647 1557 886 1638 Mesopotamiam
911 1559 1057 1637 mittitur,
1086 1559 1166 1619 unde
1186 1577 1282 1636 nsque
1306 1555 1342 1614 ad

258 1663 395 1743 quintum
405 1663 474 1722 Idus
489 1661 668 1744 Septembris
682 1681 743 1720 non
758 1669 803 1719 est
820 1681 957 1721 reversus
979 1662 1031 1741 qui
1055 1661 1173 1721 afferret
1201 1660 1340 1740 apologe-

258 1765 354 1824 ticum
371 1765 523 1824 nuncium.
564 1762 630 1835 Qua
652 1762 700 1821 dic
719 1781 788 1820 cuns
803 1761 928 1840 rediret,
952 1772 982 1824 et
999 1783 1046 1823 me
1066 1763 1187 1836 lateret,
1211 1759 1341 1841 posthi-

261 1867 372 1942 dunm,
401 1847 514 1924 decimo
539 1873 644 1922 octavo
665 1864 778 1926 scilicet
794 1864 918 1924 Kalend
938 1864 1092 1942 Octobris,
1113 1862 1254 1944 precibus
1274 1881 1341 1922 mu·

260 1968 439 2047 neribusque
447 1965 540 2042 effeci,
557 1975 591 2025 nt
599 1965 751 2027 vivificum
766 1977 855 2045 atque
865 1966 1047 2028 salutiferum
1055 1968 1207 2028 adorarem
1216 1967 1340 2044 lignum

261 2068 314 2130 ubi
326 2077 410 2128 tanto
422 2067 595 2128 iutnmultu
605 2068 710 2148 populi
720 2068 795 2128 clam
817 2070 985 2130 custodibus
1002 2070 1119 2148 quidam
1135 2088 1182 2128 me
1194 2069 1340 2145 adierunt,

262 2173 315 2252 qui
329 2180 456 2231 mentem
473 2189 567 2230 meam
585 2170 738 2249 lugubrem
758 2173 877 2234 furtivis
898 2171 1080 2232 sermonibus
1094 2170 1221 2230 hilarem
1238 2170 1340 2230 reddi-

231 2274 381 2340 bderunt.
422 2271 542 2332 Decimo
563 2267 668 2352 quinto
691 2283 787 2333 autem
807 2276 872 2334 Kal.
894 2272 1053 2350 Octobris,
1079 2271 1185 2334 mortis
1206 2273 1341 2352 vitaeque

259 2377 390 2453 medius,
411 2375 450 2434 od
467 2375 607 2455 palatium
619 2396 684 2435 sum
698 2386 886 2440 convocatus.
930 2377 1061 2452 Cumque
1078 2375 1116 2436 ad
1134 2375 1341 2458 christophori

260 2477 379 2538 Patricii
393 2475 530 2536 Eunuchi
541 2478 736 2555 praesentiam
746 2477 888 2556 venirem,
898 2477 1023 2554 benign'e
1034 2495 1082 2536 me
1094 2480 1265 2559 suscipiens,
1283 2479 1341 2538 rni-

259 2576 378 2636 hicum
398 2578 492 2636 tribus
510 2577 576 2636 aliis
597 2579 773 2641 assurrexit:
798 2599 925 2659 quorum
938 2579 1108 2662 huiusmodi
1129 2582 1185 2641 snit
1196 2581 1341 2642 namatio·

260 2675 308 2736 nis
323 2677 458 2738 initium:
481 2679 650 2740 Ostendant
669 2682 767 2762 pallor
782 2681 815 2741 in
836 2701 888 2742 ore
902 2683 1021 2760 sedens,
1042 2683 1149 2742 macies
1164 2682 1197 2742 in
1219 2703 1340 2764 corpore

260 2785 324 2836 toto
330 2823 339 2854 ,
362 2778 499 2838 crinitum
523 2791 627 2861 ceput,
650 2782 769 2862 prolixa
785 2793 889 2842 contra
907 2803 1018 2845 morem
1040 2784 1145 2858 barba,
1167 2784 1340 2845 immensum

261 2878 347 2938 cordi
364 2888 415 2939 tuo
438 2881 532 2942 inesse
551 2882 696 2960 dolorem,
719 2903 753 2942 eo
773 2885 855 2964 quod
867 2884 1012 2945 redeundi
1026 2886 1065 2945 od
1080 2885 1240 2946 Dominum
1258 2896 1340 2946 tuum

260 2981 404 3042 termInus
418 2992 461 3042 est
477 2984 624 3046 dilatatus.
667 2986 776 3046 Verum
788 3006 827 3045 ne
840 2989 947 3046 Sancto
962 2987 1149 3068 Imperatori,
1171 3007 1247 3048 nese
1257 2989 1340 3048 nobie

261 3104 448 3163 succenseas,
470 3107 596 3150 oramus.
638 3088 799 3148 Reddimus
823 3098 922 3148 antem
948 3089 1095 3149 tarditatis
1116 3101 1186 3152 tuae
1214 3111 1340 3152 causam.

145 3254 149 3268 Ι
260 3184 338 3265 Papa
359 3187 508 3247 Romanus
529 3187 574 3270 (si
593 3199 693 3250 tamen
715 3191 792 3270 Papa
811 3200 854 3251 est
872 3191 1039 3267 vocandus,
1060 3189 1113 3270 qui
1129 3192 1260 3253 Alberici
1280 3193 1339 3253 filio

233 3285 428 3364 Capoetatae,
450 3289 602 3368 adultero,
625 3291 780 3372 sacrilego,
810 3283 1056 3372 communicavit,
1079 3292 1337 3372 comministravit)

262 3385 363 3446 literas
377 3400 479 3450 nostro
499 3392 688 3453 Sanctissimo
702 3396 875 3476 Imperatori
894 3417 924 3455 se
942 3395 1059 3474 dignas,
1080 3396 1192 3476 illoque
1208 3397 1339 3475 indignas

263 3486 359 3565 misit,
382 3489 562 3552 Graecorum
579 3494 682 3572 illum,
705 3507 734 3556 et
754 3518 816 3557 non
835 3499 1034 3558 Romanorum
1057 3497 1266 3576 Imperatorem
1285 3517 1337 3557 vo·

265 3609 352 3648 cans:
367 3591 446 3672 quod
457 3593 503 3652 tui
515 3593 627 3654 domini
641 3599 765 3658 consilio
776 3609 874 3660 actum
889 3620 951 3659 non
966 3610 1009 3659 est
1022 3595 1219 3680 ἆμφίσβητον.
1245 3598 1336 3672 Quod,

165 3779 167 3788 Ι
262 3692 385 3771 inquam
404 3713 537 3771 mecum,
558 3697 682 3758 verbum
705 3701 815 3761 audio?
836 3701 925 3781 perii:
946 3701 1027 3760 haud
1050 3700 1174 3760 dubium
1193 3710 1249 3774 est,
1271 3699 1337 3778 quin

260 3793 294 3853 in
303 3795 486 3874 praetorium
494 3808 573 3858 recta
581 3799 751 3881 proficiscar
764 3801 822 3862 via.
851 3804 908 3863 Sed
917 3802 1089 3883 Papa,audi,
1106 3801 1200 3876 aiunt,
1212 3801 1336 3860 omnium

259 3893 414 3957 hominnm
436 3898 590 3972 stolidior,
621 3900 729 3962 scimus
754 3903 853 3964 dicere
877 3905 941 3976 vis,
971 3924 1086 3982 noeque
1107 3903 1139 3962 id
1162 3901 1336 3981 profitemur.

260 4000 301 4060 At
313 4019 365 4079 ego
380 4021 441 4058 non
454 4000 486 4060 id
502 4001 560 4064 aio.
604 4003 681 4063 Audi
692 4023 777 4083 ergo:
799 4004 851 4064 sed
863 4007 940 4086 Papa
952 4007 1049 4066 fatuus
1057 4049 1068 4079 ,
1091 4002 1239 4081 insulsus,
1257 4002 1336 4080 igno·

261 4111 309 4160 rat
331 4103 557 4164 Comtantioum
573 4105 713 4164 Sanctum
734 4107 900 4186 Imperialia
921 4117 1038 4190 sceptra
1060 4107 1122 4168 huc
1139 4104 1335 4178 transvexisse,

259 4204 401 4268 senatum
419 4225 534 4268 omnem
543 4251 553 4287 ,
575 4217 768 4288 cunctamque
784 4209 945 4271 Romanam
962 4209 1106 4272 militiam.
1149 4208 1258 4268 Romae
1270 4225 1334 4270 vero
