2802 4624
261 216 341 294 sss
457 227 498 298 n.
519 181 789 300 n'roecinn
809 227 1153 300 nonora‘nonns
1237 291 1241 300 ,

163 380 171 398 “
261 388 305 466 ni,
315 387 340 450 si
355 387 431 449 bens
442 387 562 466 vulgata
573 387 676 449 Latino
688 388 786 450 versio
801 388 947 450 ineditum
957 387 1056 450 reddit
1066 389 1210 452 Graecum
1224 401 1325 470 textum,

260 474 386 554 legitur,
409 475 570 548 Cretenses,
593 495 685 552 quum
700 474 843 554 impetum
865 475 1045 535 Graecorum
1060 477 1137 536 ferre
1151 498 1209 538 non
1222 490 1325 558 possen,

258 564 295 620 s'n
309 581 402 620 onum
414 581 446 618 oe
456 557 622 638 praedium
634 563 783 638 recepisse
828 558 1011 620 Theodosius
1026 561 1092 620 illos
1102 582 1173 642 prae
1188 573 1260 622 metu
1273 585 1324 642 por·

259 655 307 708 tos
332 646 414 706 urbis
435 646 581 723 ingressos
603 644 659 721 oit,
683 645 731 704 cui
751 645 885 706 concinit
902 645 992 705 etiam
1008 646 1144 706 Incertus
1162 648 1325 708 continuator

259 729 450 834 Theophanis
471 731 505 788 in
523 730 646 789 Roman.
660 728 726 792 lun.
736 750 819 790 num.
833 733 871 790 X.
883 751 950 810 pog.
965 735 1037 798 298.
1054 732 1097 790 ita
1109 733 1246 792 scribens:
1264 730 1325 814 Πρὸς

259 813 296 881 di
316 835 445 898 κασερον
467 809 618 895 χωρήσας,
640 809 756 889 πάντας
774 811 846 889 τούς
860 813 1032 899 Κρητιαοΰς
1042 811 1114 890 rode
1128 816 1181 892 ἔξω
1194 815 1272 892 ὄντος
1284 821 1325 880 soi

259 895 390 983 κᾶσεροο
415 895 487 981 patei
512 895 612 980 φάβοο
634 898 691 964 ἔσω
706 899 881 963 taeniense.
924 901 1070 961 Admotis
1084 913 1182 962 autem
1197 902 1325 962 odorico

260 989 388 1063 castris,
410 997 533 1044 cunctos
554 985 705 1066 Cretenses
719 987 807 1064 foris
822 986 969 1067 palantes
988 999 1072 1046 metu
1087 992 1251 1047 conterritos
1263 991 1325 1046 intro

259 1075 381 1132 moenio
401 1074 492 1152 cogit.
897 1099 899 1102 ·

345 1159 415 1223 138.
436 1155 495 1230 Εἰς
517 1148 667 1237 στροφήν]
689 1155 726 1216 Ιο
749 1154 881 1216 editione
897 1155 1025 1216 Cornelii
1041 1155 1125 1217 deest
1141 1157 1198 1236 εἰς,
1217 1154 1326 1236 quodid

259 1239 350 1302 iidem
370 1239 487 1301 Codicis
506 1241 700 1301 restituimus.
891 1245 901 1258 “

345 1329 416 1394 189.
436 1319 635 1407 ’οριομάτων]
657 1327 743 1403 Vox,
764 1333 799 1384 ut
813 1324 956 1402 arbitror,
978 1326 1136 1398 mendosa3
1157 1321 1255 1408 ὅρισμα
1266 1323 1324 1384 enin

259 1431 415 1490 nunquam
431 1412 588 1470 stationem
601 1411 722 1471 navium
742 1409 906 1488 significat,
931 1403 1092 1490 dequibus
1109 1409 1276 1472 Theodosius
1289 1411 1323 1469 lo-

260 1496 374 1577 quitur.
418 1496 564 1556 Fortassis
583 1497 715 1576 scriptor
736 1495 853 1556 Codicis
872 1495 992 1576 scripsit
1012 1490 1183 1579 ὅρισμάτων
1196 1518 1246 1580 pro
1259 1494 1323 1576 ὅρμλ·

261 1601 339 1646 σεοον
360 1582 398 1642 ob
423 1581 590 1641 litterarum
620 1581 846 1641 similitudinem
873 1581 906 1640 in
924 1601 1055 1642 errorem
1076 1581 1185 1662 lapsus.
1215 1577 1322 1662 ’Ὁρμιιις

259 1668 397 1748 profecto
414 1686 501 1745 soepe
515 1666 595 1746 opud
613 1667 741 1725 Graecos
751 1665 914 1745 scriptores
931 1665 970 1725 sd
986 1667 1130 1727 stationes
1144 1669 1253 1728 noviom
1264 1664 1322 1724 desi·

259 1751 392 1832 gnandas
412 1751 559 1827 occurrit,
584 1752 746 1830 eodemque
768 1769 856 1810 sensu
876 1751 1003 1811 verbum
1019 1751 1128 1832 ἁρμλζω
1142 1774 1196 1834 pro
1211 1751 1323 1812 moesta

258 1837 445 1896 stationibus
462 1839 610 1898 continere
628 1857 646 1896 a
666 1835 786 1897 Graecis
807 1837 894 1897 etiam
913 1836 1064 1898 inferioris
1082 1839 1148 1898 aevi
1161 1833 1323 1918 scriptoribus

258 1940 333 1984 usur
354 1929 431 1983 stur.

151 2019 244 2078 cett
332 1942 416 2073 p141.
440 1993 595 2081 Καλναῦς
617 1997 751 2086 ἐνάψας]
774 2005 869 2066 Nares
889 2006 923 2066 in
940 2016 1053 2070 terrem
1070 2005 1259 2090 Nicephorum
1269 2002 1322 2062 sob-
1357 2013 1358 2078 ζ

257 2089 388 2166 duxisse,
409 2101 561 2152 utcontra
575 2101 673 2152 aestus
687 2090 779 2151 maris
791 2099 869 2151 tutas
883 2092 1036 2171 redderet,
1051 2094 1126 2154 dicit
1137 2099 1234 2174 poeto:
1253 2085 1322 2168 quod,
1356 2119 1358 2148 a

255 2175 349 2257 magis
370 2177 442 2236 licet
463 2178 641 2256 generatim,
664 2177 848 2236 adnotarunt
863 2177 952 2238 etiarn
969 2181 1028 2238 Leo
1044 2179 1192 2238 Diaconos
1200 2186 1227 2237 et
1238 2173 1323 2234 Cedre-

255 2283 326 2324 nus.
380 2263 524 2323 triremes
542 2284 628 2339 vero,
658 2284 697 2321 ac
709 2263 846 2342 reliquas
864 2267 1022 2323 onerarias
1040 2264 1206 2343 tranquillo
1225 2263 1254 2319 io
1267 2278 1322 2340 μοι·

255 2359 308 2424 λιι,
331 2368 370 2408 ac
390 2350 498 2408 navali
513 2351 666 2427 confertas
678 2349 840 2406 stationem
852 2347 961 2408 habere
976 2349 1074 2427 iubet,
1096 2349 1193 2428 inquit
1205 2348 1257 2406 Leo
1270 2343 1322 2402 uis·

255 2453 349 2494 conus
370 2435 451 2515 apud
467 2434 587 2517 Pagium
602 2434 675 2495 erit.
690 2432 722 2492 in
734 2435 812 2494 Ann.
826 2434 893 2494 Bor.
908 2435 992 2496 Tom.
1001 2435 1051 2498 111.
1068 2455 1135 2515 pag.
1152 2433 1219 2499 874.
1238 2449 1268 2489 ac
1280 2429 1322 2486 Ce-
1358 2429 1359 2498 i

255 2517 365 2578 drenns
386 2519 505 2596 scribit,
528 2518 609 2600 quod
630 2515 681 2582 cdv
700 2513 803 2582 στόλον
826 2518 859 2582 ἐν
877 2513 980 2600 ὅρμοις
997 2514 1321 2602 γαληνοτοὶιοιςὸρμίσῦλο
1358 2557 1359 2582 ;

256 2623 349 2670 naves
368 2606 532 2684 tutissimis
547 2605 580 2662 ἰει
597 2603 780 2663 stationibus
795 2606 986 2666 continuerit.
1158 2629 1161 2636 ·
1358 2629 1359 2648 ³

341 2687 413 2754 142.
427 2685 571 2751 Ἄκαστον
594 2684 691 2768 εἰδώς]
714 2688 844 2748 Verbum
866 2686 953 2764 εἰδώς
970 2687 1156 2751 desideratur
1170 2686 1203 2746 in
1218 2681 1323 2744 editione

255 2771 393 2848 Cornelii,
416 2773 550 2852 quemvis
562 2773 640 2833 adsit
654 2775 686 2834 in
702 2775 819 2836 Codice.

343 2857 412 2925 146.
436 2857 498 2920 rtet
510 2861 569 2940 γῆν
582 2855 750 2942 σκοπήσας]
776 2857 1031 2939 HoncNicephori
1044 2852 1257 2938 diligentiamin
1268 2867 1321 2930 per·

255 2943 417 3009 scrutsnda
436 2963 551 3004 summo
571 2943 670 3004 studio
689 2953 753 3013 tota
768 2945 982 3004 Saracenorum
1001 2945 1138 3024 regions,
1158 2937 1321 3003 adnotarent

255 3033 346 3096 etiam
365 3029 486 3090 laudato
505 3028 623 3110 saepius
637 3029 707 3089 loco
728 3030 786 3089 Leo
804 3029 963 3094 Diaconos.

341 3116 412 3185 147.
435 3115 497 3178 Καὶ
524 3119 623 3197 γῆθεν
641 3112 795 3193 ἐρρίζωσε]
824 3115 1042 3175 Munimentum
1062 3112 1122 3173 hoc
1146 3133 1163 3172 a
1183 3103 1319 3186 Nicephon

256 3202 437 3276 excitatum,
463 3210 499 3261 ut
525 3199 690 3262 exercitum
718 3220 804 3260 suum
825 3210 977 3279 castraque
1004 3205 1185 3279 protegeret,
1206 3191 1320 3254 memoret

256 3285 394 3348 Incertus
409 3285 607 3346 continuator
620 3283 809 3365 Theophanis
822 3285 854 3344 in
864 3285 988 3346 Romani
1002 3283 1129 3344 iunioris
1143 3282 1203 3343 vita
1214 3269 1319 3376 nup-X·

255 3391 323 3453 pag.
345 3375 419 3436 297.
441 3370 593 3430 scribones
623 3369 685 3432 Καὶ
702 3364 822 3451 αἐιοβᾶς
839 3374 899 3433 τοῖν
916 3374 1001 3448 νηοῖν
1019 3364 1151 3450 χάρακα,
1170 3363 1319 3438 ααλιοοιλΰ1

253 3458 386 3538 βαθεῖαν
398 3450 629 3530 κατεσκεύασεν,
650 3453 824 3535 eductaeque
843 3478 859 3513 e
873 3455 1006 3516 novibus
1020 3457 1124 3534 copiis,
1147 3453 1239 3510 altum
1251 3461 1320 3523 agge

254 3562 318 3602 rem
341 3539 447 3616 duxit,
469 3541 646 3619 vallemque
661 3544 787 3620 posuit5
809 3540 899 3621 idque
913 3541 1017 3602 iisdem
1035 3543 1097 3600 fere
1115 3537 1209 3598 verbis
1220 3536 1320 3592 testetur

254 3627 344 3687 etism
365 3625 484 3684 Simeon
503 3625 656 3704 Magister,
679 3636 708 3684 et
732 3625 910 3703 Logothets,
930 3626 964 3686 in
984 3628 1107 3685 Roman.
1128 3624 1191 3683 lun.
1211 3636 1281 3678 num·
1293 3605 1319 3704 li·

252 3731 321 3792 pag.
345 3711 417 3778 498.
461 3711 520 3770 Sed
535 3730 607 3791 prae
627 3712 751 3772 coeteris
763 3712 933 3790 diligentius
951 3711 984 3770 id
999 3711 1098 3792 ipsum
1114 3710 1145 3768 in
1161 3727 1209 3766 sus
1221 3703 1320 3762 historia

252 3794 404 3858 recensuit
422 3796 573 3858 Gedrenus
594 3817 661 3877 pag·
678 3798 751 3864 643.
774 3797 930 3875 inquiens:
961 3791 1089 3878 Χάρακά
1104 3818 1134 3858 τε
1149 3783 1203 3856 οὖν
1216 3779 1319 3883 hiim

226 3895 232 3905 “
252 3877 413 3965 καρτερὰν,
433 3875 685 3968 vicentiensis,
706 3883 755 3944 καλ
769 3877 977 3963 σταυρώμασι,
999 3880 1052 3946 καὶ
1066 3872 1320 3948 πασσαλοιςτονιολ

255 3962 480 4048 κατοχνροὸσας,
502 3945 553 4030 eat
569 3964 618 4032 edu
633 3963 739 4031 στόλον
753 3965 786 4030 ir
796 3961 899 4046 ὅρμοις
910 3962 1122 4048 γαληνοτᾶτοις
1137 3962 1265 4057 ὁρμίσας,
1281 3941 1320 4010 ’‘“i

256 4048 356 4116 πάντα
376 4049 636 4134 καταστησάμενος
655 4047 731 4114 sord
747 4047 782 4115 sd
797 4047 943 4132 α’σφαλὲς,
965 4052 1091 4133 ἐνεργοῖς
1106 4045 1208 4130 ἥπτετο
1219 4062 1267 4136 stt}¹
1275 4053 1320 4096 ’θ’

255 4141 389 4221 λιορνλας
405 4141 465 4201 roiv
484 4137 518 4202 ἐν
539 4142 578 4222 τῇ
600 4130 685 4224 νήσῳ
704 4129 830 4202 πόλεων.
880 4135 955 4198 hade
974 4141 1086 4198 caetris
1101 4133 1219 4215 positis,
1245 4133 1319 4218 “fiuf

256 4223 437 4302 «λεαίνων,
460 4223 560 4302 uallo,
582 4242 622 4284 ao
631 4224 720 4306 polis
734 4221 841 4306 definis
855 4226 1066 4305 communitis,
1086 4239 1175 4282 naves
1186 4213 1319 4274 tutismm
