2780 4626
128 275 136 293 ·
231 267 284 344 νε
385 223 390 233 “
597 270 753 344 anons
770 272 951 346 οιιοοω

72 469 100 520 ς,
112 467 145 517 M.
158 437 378 530 σςτεχόμενον,
398 433 616 530 αότοκράτορα
625 436 781 524 Ῥωμαίων
793 437 849 506 τόν
863 433 1006 526 Ἰωάννην
1019 437 1078 508 otu
1094 447 1161 516 τοῖς
1179 445 1234 508 τοῦ
1249 438 1315 527 ἤδη

105 534 157 588 ¹¹¹⁶·
169 536 203 591 ¹³
231 541 470 632 βασιλεύσαντος
485 542 640 628 Ῥωμονοῦ
654 546 757 610 παισίν
772 540 970 632 ἀνηγόρευον·
997 539 1043 620 οἷς
1059 543 1093 609 ἐκ
1106 541 1318 628 διαστήματος

206 649 373 738 Βέφείπετο
388 649 548 723 Βασάλειος
565 644 581 714 ὅ
596 643 723 728 Nitor,
738 642 894 730 Ῥωμανοῦ
908 651 965 711 τοῦ
979 643 1074 712 πάλαι
1089 645 1323 735 αὐτοκράτορος

230 753 264 818 ἐκ
277 753 434 828 Σκυθίδος
445 750 528 832 υἱός,
556 756 601 840 τῷ
614 756 670 816 τοῖν
685 750 836 836 προέδρου
851 749 1056 836 ἐκδιαπρίπων
1069 747 1228 833 δξιάματι.
1255 753 1323 816 Νι-

230 853 367 942 κηφόρος
388 854 432 934 δὲ,
454 852 550 937 μόνος
570 857 633 918 τῶν
654 858 769 918 λοιπῶν
788 856 964 934 σεβαοτῶν,
992 852 1024 928 ἐς
1041 851 1132 939 γίρας
1158 859 1205 942 τῷ
1227 851 1354 940 όνδρίὸ

227 952 346 1040 τοάτην
359 952 574 1040 ἐκαινοτόμησα
585 953 643 1039 τὴν
653 951 762 1039 τιμήν·
790 929 913 1042 iemps
927 956 954 1020 εί
966 956 1017 1018 καί
1033 954 1173 1038 ἐκτομίας
1188 951 1320 1040 ἐτάγχα-

227 1085 278 1126 νιν
283 1107 294 1140 ,
322 1057 401 1124 ἀλλὰ
422 1058 479 1142 τὴν
494 1057 594 1135 άλλως
613 1053 798 1146 δραστήριός
812 1083 844 1124 τε
858 1059 909 1123 καί
924 1055 1064 1142 ἆγχίνονς
1078 1054 1210 1144 ὖπῆρχεν
1224 1057 1316 1146 ἀνὴρ,

227 1160 349 1250 εῧφυῶς
362 1171 426 1238 τοῖς
439 1159 614 1250 πράγμασιν
628 1151 660 1226 ἐν
674 1158 883 1248 περιστάσεσιν
905 1155 1139 1245 ἁρμοττόμενος.
1174 1157 1320 1242 συνωμό-

226 1289 284 1349 της
299 1265 333 1329 te*
346 1263 390 1330 ῶν
400 1262 541 1351 Ἰωάννη,
568 1266 621 1330 καὶ
639 1265 708 1330 λίαν
721 1259 855 1338 ἐκτόπως
871 1261 955 1350 αδτῷ
975 1268 1102 1347 φιλικῶς
1118 1264 1315 1346 διακείμενος,

229 1365 392 1452 ἐσκήπτετο
414 1365 562 1457 πρότερον
581 1376 697 1448 νοσεῖν,
725 1365 852 1432 κάπειτα
873 1360 1013 1452 πονήρως
1033 1362 1121 1449 είχε,’
1140 1368 1191 1430 καὶ
1212 1371 1317 1432 κλινο-
1327 1380 1376 1436 10

201 1469 321 1553 ῦπετὴς
334 1463 382 1554 ἦν.
414 1467 518 1554 νάχιον
533 1462 588 1535 οὖν
603 1469 660 1554 τὴν
677 1475 733 1534 τοῦ
749 1464 929 1556 Νικηφόρον
943 1467 1132 1550 μεμαθηκὼς
1149 1467 1315 1554 ἀναίρεσιν,

228 1579 273 1662 τῷ
290 1570 485 1659 προειληφότι
499 1574 597 1660 στίφει
618 1571 696 1654 μετὰ
711 1574 836 1658 σπείρας
850 1572 994 1656 γενναίων
1009 1573 1171 1636 νεανίσκων
1188 1568 1317 1636 ἐπισπό-

227 1699 336 1758 μενος,
363 1675 515 1759 σεβαστόν
533 1675 662 1757 βασιλία
682 1670 838 1756 Ῥωμαίων
862 1671 916 1738 τόν
935 1669 1077 1756 Ἰωάννην
1098 1671 1315 1761 ἀνεκήρυττεν·

227 1780 270 1852 είς
282 1777 321 1841 τά
334 1775 474 1858 βασίλειά
488 1801 520 1842 τε
535 1769 629 1851 αὖθις
642 1773 735 1862 ἀνῄει,
763 1779 814 1840 καί
828 1778 895 1862 περί
909 1780 970 1840 τῶν
983 1781 1090 1840 κοινῶν
1100 1773 1226 1862 Ἰωάννη
1239 1801 1318 1842 σνν-

165 1933 172 1950 .
225 1878 371 1964 ἔπραττε,
400 1878 455 1962 τὴν
474 1883 531 1945 τοῦ
551 1878 823 1968 παρακοιμωμένου
840 1877 917 1964 πρός
934 1878 1045 1942 ἐκείνον
1065 1878 1156 1961 τιμὴν
1170 1875 1314 1966 εἰληφιάς.
1327 1892 1370 1950 15

227 1982 293 2068 περὶ
308 1987 369 2046 τῶν
384 1979 584 2058 ξυνοισόντων
600 1973 654 2047 οὖν
669 1977 773 2057 αὑτοῖς
791 1976 1045 2064 βουλευσάμενοι,
1073 1977 1247 2063 ἐντάλματα
1262 1984 1318 2046 καί

226 2079 449 2170 προστάγματα
463 2085 514 2148 διὰ
528 2085 643 2160 παντὸς
654 2089 710 2149 τοῦ
725 2082 833 2159 άστεος
847 2082 993 2169 αὖθωρδν
1008 2080 1155 2163 ἐστελλον,
1178 2083 1224 2166 μὴ
1239 2085 1317 2162 ἐξεῖ-

224 2186 278 2252 ναί
295 2210 353 2250 τινι
373 2197 553 2273 νεωτεριεῖν,
580 2186 600 2272 ἢ
625 2186 672 2250 ἐπί
695 2187 865 2272 διαρπαγὰς
886 2184 1073 2252 ἀποκλίνειν·
1099 2187 1238 2252 κίνδυνον
1252 2186 1315 2275 γάρ

128 2293 160 2349 Ρ.
177 2293 212 2350 58
230 2285 361 2378 εἶναιτῷ
375 2286 610 2377 τοιουτότροπόν
625 2315 654 2354 τι
668 2287 864 2373 τολμήσαντι,
886 2287 1088 2375 ἀφαιρεῖσθαι
1099 2295 1154 2372 τῆς
1167 2295 1312 2376 κεφαλῆς.

221 2395 314 2457 τοῦτο
344 2392 380 2457 τδ
404 2389 602 2480 παράγγελμα
629 2393 762 2467 ἐπιεικῶς
787 2392 975 2472 Βνζαντίονς
996 2388 1224 2474 ἐξεδειμάτωσε,
1259 2395 1364 2462 καίεο

220 2494 321 2567 οὐδεὶς
334 2491 449 2575 ἐτόλμα
468 2496 643 2577 νεοχμῶσαί
652 2519 682 2560 τι
696 2493 781 2582 παρὰ
794 2495 830 2559 τό
849 2492 1053 2580 προσταχθέν.
1089 2492 1238 2559 είῶθεσοιν
1250 2493 1313 2582 γάρ

219 2597 253 2660 ἐν
267 2603 334 2670 τοῖς
348 2592 503 2672 τοιαάταις
515 2603 701 2680 μεταβολαῖς
715 2597 746 2662 οἳ
757 2595 844 2684 άργοί
857 2601 912 2661 τοῦ
927 2592 1038 2682 δήμου,
1066 2597 1117 2660 καί
1131 2595 1251 2685 άποροι,
1280 2597 1313 2692 ἐς

219 2697 394 2784 διαρπαγὰς
410 2696 580 2786 χρημάτων
598 2702 649 2765 καί
662 2699 865 2792 κατασκαφάς
878 2695 988 2780 οἴκων,
1015 2696 1091 2763 ἐσθ’
1113 2698 1163 2767 ὅτε
1178 2703 1229 2766 καί
1247 2705 1311 2766 τῶν

287 2841 321 2964 31
343 2840 467 2963 δ’βειιδοεε
493 2841 602 2914 εδφνῦς
623 2843 702 2915 (eie)
724 2837 789 2900 οοδ.
874 2845 918 2904 λδ
954 2847 1114 2914 νεωτεριεῖν.
1157 2843 1220 2900 rid.
1240 2843 1312 2900 infre

219 3034 301 3081 torem
312 3029 495 3096 Romanorum,
510 3029 637 3085 adiuncti·
655 3031 762 3086 Romani
774 3027 844 3086 band
859 3031 897 3085 ita
909 3031 1006 3102 pridem
1020 3032 1133 3102 Augurii
1143 3029 1245 3096 liberie,
1267 3049 1313 3086 re·

220 3095 371 3150 nunciabat:
406 3115 469 3168 quoa
491 3117 523 3152 ex
542 3097 676 3153 intervallo
701 3101 902 3168 subsequebatur
922 3101 1033 3159 Baeiliue
1056 3101 1173 3166 Nouus,
1201 3101 1311 3154 Romani

240 3166 346 3220 nondam
359 3167 469 3236 Augusti
482 3185 514 3220 ex
523 3170 643 3238 Scythica
656 3170 748 3224 famina
762 3169 846 3234 filine,
869 3171 997 3240 praeridit
1015 3170 1142 3240 dignitate
1163 3170 1310 3224 decorans.

248 3253 279 3287 σο
291 3253 379 3289 munus
392 3235 668 3306 Nicephorua-primur
687 3239 796 3292 omnium
814 3240 996 3308 Imperatorum
1014 3240 1042 3292 in
1060 3242 1179 3294 honorem
1200 3237 1310 3291 hominia

220 3311 367 3385 erenveratz
386 3305 440 3373 qui,
458 3305 572 3388 quamvie
589 3306 683 3377 spado,
701 3307 764 3359 aliae
777 3306 917 3389 indpstriue
928 3315 955 3360 et
964 3307 1115 3392 ingeniuena·
1126 3313 1183 3360 erat
1195 3305 1245 3369 vir,
1261 3323 1310 3358 ne-

219 3376 852 3516 tt¹sstttuiffti¹iinbtt,⁸iitnit
863 3377 1311 3514 ‘tribunitium

220 3511 309 3576 grotue
328 3515 399 3572 erat,
416 3509 534 3580 lectoque
547 3513 648 3566 affixae.
683 3513 723 3578 Ia,
740 3521 770 3566 ut
786 3523 863 3567 noctu
877 3513 910 3568 de
924 3513 1065 3584 Nieepbari
1081 3515 1160 3566 caede
1179 3529 1310 3580 cognove-

218 3579 270 3638 rat,
288 3577 479 3633 antecedentem
490 3582 618 3635 eohortem
629 3599 685 3636 eum
698 3582 774 3652 globo
787 3591 944 3638 strenuorum
957 3582 1153 3637 adolescentium
1166 3581 1308 3646 ineeeutue,

217 3645 336 3698 Ioannem
348 3647 489 3715 Augustum
502 3649 682 3718 Imperatorem
696 3653 863 3705 Romanorum
881 3651 1053 3706 renunciavit:
1071 3668 1125 3734 que
1137 3651 1207 3704 faute
1219 3649 1248 3702 in
1259 3667 1309 3718 pa-

215 3712 304 3766 lntium
327 3713 419 3778 redit,
436 3735 608 3802 summamque
626 3736 713 3773 rerum
732 3737 788 3774 eum
803 3721 898 3775 Ioanne
913 3720 1117 3788 administrant,
1135 3737 1151 3772 ιι
1183 3736 1215 3772 no
1231 3735 1309 3787 pree·
1379 3715 1381 3734 ¹

215 3782 341 3834 secturam
355 3784 471 3838 Cubieub
483 3805 543 3840 aeee
560 3795 591 3842 rt
624 3789 695 3858 Ipsi,
713 3787 746 3841 de
764 3789 884 3860 hisquae
898 3787 1174 3843 eraeuaiorentdeli
1192 3779 1308 3840 eiatione
1378 3827 1380 3838 .

216 3849 321 3932 habite,
338 3853 457 3908 mandute
471 3862 498 3907 et
511 3856 597 3910 edreta
608 3874 656 3940 per
671 3863 752 3911 tutam
768 3857 855 3912 urbem
872 3858 942 3912 illico
954 3859 1085 3922 emittunt,
1101 3857 1210 3922 „turbae
1226 3856 1307 3919 aiere,

215 3917 383 3987 drreptronem
396 3921 482 3976 iacere
493 3924 538 3977 uui
552 3943 585 3979 ne
600 3927 705 3978 beeretr
723 3927 792 3996 quod
805 3929 830 3980 ei
838 3927 897 3999 qnia
913 3926 1037 3980 eiusmodi
1049 3926 1146 3997 aliquid
1157 3941 1238 3978 auena
1246 3924 1307 3977 iue-
1369 3934 1375 3991 ζ

215 3987 269 4050 rit,
287 4003 369 4055 poena
382 3997 451 4053 uto,
468 4000 498 4046 ut
513 3999 590 4063 eaput
609 3996 634 4048 ei
647 3995 817 4078 amputetur.”
852 3997 932 4060 Quod
951 3997 1064 4050 edietum
1084 4013 1135 4048 ran
1155 3993 1307 4046 medieieram

214 4061 338 4109 terrorem
357 4056 644 4141 §iunetantinopolitenie
665 4063 770 4128 inuenit,
799 4082 847 4118 nec
866 4065 998 4135 quiequam
1013 4071 1103 4118 eontra
1113 4064 1258 4116 mundatum
1273 4059 1307 4114 ed

213 4139 282 4178 nora
299 4126 405 4180 eunerhe
417 4129 523 4184 animum
537 4132 660 4184 inducere
674 4139 715 4184 eet
724 4149 809 4186 aueur.
844 4133 912 4188 Nam
925 4135 1040 4187 sotebant
1060 4134 1088 4186 in
1101 4129 1245 4187 uuiumodi
1263 4147 1306 4184 re·

214 4207 270 4272 rum
284 4195 469 4250 mutationibua
484 4215 516 4250 ex
537 4199 611 4268 plebe
624 4201 753 4265 hominen,
770 4203 823 4254 otio
836 4209 1004 4288 egestateque
1020 4201 1133 4271 perditi,
1156 4201 1191 4255 ad
1208 4215 1240 4253 er
1257 4197 1307 4251 ita-

215 4267 298 4314 tmnee
315 4263 436 4321 bonerum
457 4265 626 4338 domuumque
644 4269 790 4324 erereianee
812 4272 943 4339 converti,
960 4270 1090 4336 uterium
1106 4285 1210 4342 queque
1266 4265 1306 4320 ei-
