2812 4630
353 317 397 386 in
416 313 658 386 rinooosn
679 314 912 388 aoaoasns
1093 261 1185 386 aas

170 479 224 545 28.
245 478 431 556 Astepssdv,
454 473 627 556 βελεβιτῶν]
648 473 860 536 Delenitsrnm
886 474 1007 538 nomine
1023 478 1185 540 Saracenos

84 565 194 643 procul
209 561 300 622 dubio
314 561 414 621 innuit
425 560 627 637 Theodosins;
650 569 679 620 et
690 561 767 622 forto
779 560 838 622 hoo
853 581 962 622 nomen
977 563 1093 624 duxita
1108 563 1186 625 uha-

84 649 162 723 lem,
186 647 238 728 qui
259 647 373 728 primus
392 644 564 724 religiosum
581 639 728 725 quendam
753 648 867 708 cultum
889 647 969 706 inter
985 648 1096 708 Arabas
1111 671 1186 710 oon·

85 734 193 793 stituit.
235 733 327 790 Ludit
349 741 448 790 autem
469 731 502 789 in
522 731 636 807 verbis,
666 731 818 810 inquiens,
839 733 965 791 Romani
988 733 1061 814 lmp.
1083 735 1186 807 telum,

84 819 298 963 qupeqpraeoe
322 815 408 898 βέλος
432 815 559 894 dicitur,
582 827 778 878 commutasse
791 818 1001 878 Delemitarum
1022 840 1131 880 nornen
1152 820 1186 882 in

112 924 128 963 e
178 911 245 963 atas.

170 1025 223 1087 27.
248 1019 384 1100 Χαυδᾶς]
407 1019 456 1079 sio
470 1020 587 1080 Codex:
608 1019 659 1078 alii
677 1030 776 1080 sutem
796 1020 956 1100 scriptores
970 1016 1094 1102 Χᾶβδας
1108 1021 1185 1082 scri-

86 1105 172 1166 bunt
202 1107 295 1165 Porro
313 1105 456 1181 Chebdas,
472 1126 533 1180 seu,
555 1115 590 1164 ut
606 1106 803 1164 continuator
816 1106 1003 1185 Theophanis
1017 1127 1052 1166 ao
1068 1107 1187 1168 Simeon

85 1190 226 1268 Magister
254 1191 407 1267 scribunt,
433 1190 598 1249 Chambdas
625 1191 685 1249 init
703 1190 825 1269 Chalepi
847 1190 985 1250 dominus
1007 1201 1038 1250 et
1052 1192 1185 1266 Amnes,

87 1295 175 1354 quem
196 1296 212 1333 a
228 1276 324 1335 Leone
339 1275 437 1335 Phooa
450 1276 581 1355 primunr
594 1275 742 1335 domitum
761 1284 863 1353 postea
883 1275 1085 1354 Nicephorus‚
1107 1277 1186 1336 Cha-

85 1363 153 1440 lepe
166 1381 278 1439 eversa,
293 1361 412 1442 penitus
430 1361 556 1439 subegit.
586 1359 714 1434 Videtis,
729 1379 803 1439 quae
816 1361 911 1419 fusius
924 1361 958 1419 in
970 1361 1084 1421 Monito
1099 1382 1188 1444 prae-

86 1446 143 1517 fati
162 1465 276 1507 sumus.

103 1579 105 1586 ’
172 1569 223 1631 30.
248 1561 417 1647 Παρὲσχου]
441 1564 490 1623 Sic
506 1563 582 1624 bene
598 1563 715 1622 Codex:
738 1561 894 1622 Cornelius
908 1563 1008 1623 nescio
1023 1585 1081 1644 qne
1099 1585 1187 1626 causa

88 1649 306 1711 emendandum
328 1650 485 1709 adnotavit
498 1648 638 1731 παρέχες,
661 1649 742 1727 quod
761 1649 900 1724 verbum,
923 1647 981 1707 nisi
997 1668 1080 1708 error
1092 1661 1186 1730 typo-

88 1733 202 1815 grapho
217 1735 257 1794 sit
270 1735 455 1812 tribuendus,
471 1755 528 1795 nec
541 1734 615 1793 bene
624 1733 743 1814 quidem
763 1754 794 1793 se
807 1731 898 1792 habet
911 1734 1073 1795 secundum
1083 1736 1187 1796 Gram-

92 1821 214 1880 matices
230 1821 356 1899 regulas.
516 1821 517 1826 ’

170 1943 221 2004 31.
245 1937 429 2019 Πολυξένης]
452 1939 580 1998 Fallitur
599 1937 792 2002 Theodosius.
835 1939 938 2018 Neque
956 1939 1126 2019 Polyxenus
1147 1939 1187 1999 ad

86 2022 391 2190 qppplllpqipummum
412 2025 609 2100 occisionem,
630 2043 726 2102 neque
746 2023 853 2084 Troiae
869 2024 1021 2084 excidium
1040 2025 1188 2086 Homerus

174 2213 225 2278 35.
247 2201 476 2288 Maeandron]
499 2206 549 2268 Sis
574 2229 613 2268 ex
636 2209 745 2270 Codice
767 2209 901 2270 restitue.
944 2205 1190 2271 Corneliusmale

88 2295 184 2356 edidit
199 2288 378 2377 μυθοπλόη,
399 2304 430 2354 et
444 2294 573 2354 coniecit
591 2315 654 2353 esse
668 2295 877 2373 corrigendum
893 2291 1105 2375 μυθοπλάνου.

173 2419 223 2481 36.
246 2407 433 2492 navaturos]
453 2413 499 2472 lta
512 2412 618 2474 melius
632 2414 670 2473 ad
684 2413 772 2474 tidem
790 2413 908 2474 Codicis
920 2415 999 2495 leger
1021 2408 1189 2495 nuvooiqaog

87 2499 185 2576 enim,
207 2508 245 2560 ut
256 2499 414 2559 Cornelius
431 2499 541 2575 edidit,
562 2519 625 2558 non
643 2499 718 2560 bene
731 2521 762 2560 se
774 2499 875 2562 hebet·

172 2622 224 2684 37.
244 2615 278 2680 ‘0
294 2613 415 2699 πηρός]
443 2618 570 2678 Caecum
596 2618 760 2679 Homerum
780 2620 925 2700 appellat,
954 2619 1102 2700 plurimos
1125 2629 1190 2679 tum

91 2705 222 2763 Graecos
243 2713 307 2762 tuna
331 2703 451 2762 Latinos
472 2703 633 2784 scriptores
653 2704 802 2782 imitetur,
831 2727 958 2786 quoium
987 2705 1128 2766 nonnulli
1151 2725 1189 2765 ex

88 2788 149 2849 hoc
171 2789 275 2848 morbo
289 2791 458 2847 Homerum
475 2789 566 2849 luisse
586 2789 838 2869 diotunrputant‚
862 2811 952 2871 quum
969 2803 1054 2850 antea
1068 2791 1188 2851 Meleti-

87 2893 175 2953 genes
193 2883 369 2933 vocaretur:
392 2869 540 2955 Ὁμήρους
558 2874 636 2934 enim
663 2876 748 2934 Iones
770 2886 799 2935 et
814 2877 936 2936 Cumaei
956 2898 1059 2935 caecos
1081 2875 1188 2955 appel-

86 2961 161 3021 lant.
205 2960 318 3020 Verum
331 2959 368 3018 de
382 2959 504 3018 Homeri
520 2961 657 3019 caecitate
673 2961 810 3036 consule,
833 2983 908 3040 quae
933 2962 1027 3022 fusius
1048 2982 1083 3020 ao
1107 2961 1187 3020 musl-

87 3045 188 3104 tiisria
196 3045 364 3105 eruditione
375 3044 515 3105 disseruit
529 3047 587 3104 Leo
602 3045 727 3106 allatius
740 3047 776 3105 de
789 3047 887 3106 Patria
900 3046 1023 3108 Homen·
1037 3065 1103 3126 cap.
1120 3065 1188 3106 vtu.

173 3165 223 3229 40.
250 3166 312 3226 Τοῦ
334 3157 421 3244 Διός]
445 3163 526 3222 luter
543 3163 645 3242 plures
666 3165 813 3243 populos,
834 3165 887 3244 qui
910 3165 968 3225 sibi
983 3163 1064 3223 lovis
1079 3164 1188 3223 natalie

88 3247 269 3325 tribuerunt,
292 3248 445 3307 Cretenses
460 3249 648 3326 potissimum
661 3249 697 3307 de
718 3249 755 3308 iis
774 3251 926 3329 superbire
943 3250 1059 3327 solitos,
1079 3270 1126 3310 res
1144 3258 1189 3309 est

90 3332 163 3392 adeo
177 3333 368 3414 pervulgate,
389 3340 426 3392 ut
439 3331 518 3391 nihil
530 3332 582 3392 hio
593 3334 702 3394 addere
717 3355 793 3414 opus
807 3336 856 3395 sit.

175 3454 225 3517 41.
246 3449 322 3526 Διός
333 3445 496 3533 τυράννου]
511 3451 693 3513 Theodosius
709 3465 849 3534 sequutus
864 3453 1040 3515 sententiam
1054 3453 1186 3530 videtur,

92 3535 195 3596 lovem
209 3537 333 3596 eundem
347 3538 437 3598 fuisse
453 3557 488 3594 ao
501 3538 616 3615 Picum,
640 3539 692 3619 qui
706 3539 740 3598 in
748 3541 885 3620 Assyrios
897 3540 1087 3621 tyrannicum
1104 3560 1189 3599 exer·

92 3641 163 3681 oens
178 3620 348 3700 imperium,
372 3621 549 3702 flagitiisque
564 3624 745 3703 turpissimis
754 3647 877 3704 regnum
895 3645 983 3686 suum
997 3625 1188 3700 dedecorant,

89 3706 205 3788 populo
221 3709 371 3784 persuasit,
385 3719 419 3767 ut
436 3727 504 3768 eum
520 3708 617 3768 veluti
628 3710 719 3770 lleum
733 3711 934 3791 praedicaret:
950 3732 986 3770 ao
999 3731 1092 3790 quum
1110 3709 1189 3768 diem

90 3811 178 3852 suum
192 3792 328 3867 obiisset,
352 3792 454 3852 Cretae
464 3795 615 3875 sepultus,
637 3793 755 3856 divinos
770 3797 909 3878 deinceps
922 3795 1049 3856 honores
1062 3795 1115 3856 sub
1133 3795 1187 3853 Jo-

88 3876 137 3938 vis
152 3876 351 3957 appellatione
367 3887 473 3938 nactus
489 3889 542 3940 est.
583 3879 710 3960 Videsis',
732 3901 809 3962 quas
827 3884 892 3942 suae
903 3891 1021 3942 enarrat
1034 3881 1185 3941 Cedrenua

89 3962 124 4024 in
145 3963 250 4042 comps
267 3960 379 4023 ffltidl'·
401 3967 452 4029 16·
476 3970 526 4030 17·
1212 3969 1215 3978 Ι

174 4081 226 4148 48.
249 4073 380 4162 Euripus]
399 4080 480 4140 Huic
491 4083 562 4142 roei
577 4085 680 4145 nullus
691 4105 800 4145 sensus
816 4086 912 4166 aptari
927 4093 1036 4165 potest.
1079 4082 1190 4144 Corna-

88 4163 147 4226 lius
161 4167 298 4227 emendat
310 4165 412 4250 στέγα,
433 4186 493 4246 qua
504 4177 607 4230 tamen*
616 4171 734 4231 ratione
754 4179 785 4230 et
807 4191 867 4250 quo
890 4190 997 4246 sensu,
1017 4189 1080 4230 non
1094 4169 1189 4230 intel-

89 4249 159 4330 ligo.
212 4251 359 4333 Equidem
384 4251 564 4333 corrigerem
579 4254 703 4334 ‘rstgoffi
733 4256 807 4356 adeo
831 4265 865 4317 ut
884 4247 927 4337 elo
944 4255 1048 4332 στέξας
1073 4255 1190 4316 indicet
