2780 4658
507 278 767 346 PRAEFATIO.
1088 290 1148 340 m

11 433 95 514 nat
111 432 148 497 Ι).
170 434 232 501 24.
253 435 343 522 D.):
374 439 534 514 deinde,
556 438 637 499 idem
654 437 846 517 vocabulum,
867 437 979 520 aliquot
994 439 1082 502 lineis
1098 442 1148 504 in-

10 537 118 613 tentatis,
133 536 288 598 libenter
309 541 461 603 iterari.

68 639 139 702 Vlll.
161 641 267 716 uixi,
296 642 687 722 criminosiusfortasae,
714 665 789 726 quae
805 644 838 704 in
859 645 956 706 Leone
973 647 1074 727 culpet
1089 649 1147 708 ali-

12 744 72 824 quis:
89 763 146 803 nee
160 743 327 824 profecto
356 765 430 823 ego
461 745 494 803 ie
512 765 596 822 snm,
620 746 671 825 qui
683 747 784 807 laudea
798 747 953 828 scriptoris
973 751 1145 830 cuiuspiam,

15 847 233 922 mistuduerisn,
258 847 352 926 plus
376 869 490 927 quarn
505 847 577 906 satia
594 847 634 905 sit
652 847 813 912 demptam.
854 851 941 910 Nune
953 871 1078 932 aequum
1092 863 1145 930 est,

16 951 118 1030 qmeab
139 951 198 1010 illo
217 950 381 1025 iaciant,
411 951 496 1008 item
512 953 692 1011 enumerare.
736 952 779 1009 dc
793 951 892 1032 primo
909 953 1027 1032 quidem
1039 974 1145 1032 magna

19 1062 52 1112 est
63 1054 168 1112 laonia
186 1051 475 1127 commendatio,
499 1051 581 1130 quod
603 1071 676 1130 quae
698 1053 763 1132 ipse
776 1053 886 1114 viderit
899 1055 1007 1114 litteris
1021 1056 1144 1114 manda*

20 1153 68 1231 sit,
81 1152 302 1232 habendosque
321 1163 383 1212 est
402 1154 496 1212 inter
510 1153 670 1234 scriptores
684 1156 767 1233 illos,
789 1155 869 1215 uncle
885 1156 953 1233 alii,
976 1157 1027 1235 qui
1042 1167 1145 1236 poste-

25 1255 84 1316 rius
94 1257 219 1330 imunt,
243 1254 351 1334 quasi
382 1275 404 1313 e
421 1256 513 1314 fonte
530 1256 683 1336 capiteque
696 1259 881 1320 narrationes
896 1279 997 1318 rerum
1012 1257 1144 1318 deduxe-

27 1367 95 1420 runt.
133 1358 182 1418 sic
198 1359 390 1437 Scylitzem
410 1367 588 1417 mutuatum
606 1379 666 1420 esse
679 1361 715 1420 ab
728 1364 824 1422 Leone
837 1363 930 1421 multa
945 1361 1142 1421 demonstravi
1159 1373 1231 1426 Η

31 1459 158 1522 ianotis:
180 1483 199 1520 a
218 1461 376 1542 Scylitze
405 1471 513 1521 autem
535 1461 632 1521 omnia
653 1464 918 1524 minima-maxima
938 1464 1074 1524 sumniam
1087 1464 1143 1522 Ge·

32 1561 264 1623 &namnetum
280 1573 346 1629 est.
398 1565 552 1623 Zonaram
567 1565 637 1624 item
652 1585 738 1626 usum
753 1586 815 1626 esee
828 1565 960 1624 Historia
973 1566 1079 1624 Leonis
1095 1588 1145 1627 ar-

33 1663 131 1726 tium
144 1666 211 1728 rid.
221 1667 377 1744 Ducang.
392 1667 435 1725 ad
449 1667 557 1727 Zonar.
569 1667 604 1729 11.
621 1673 692 1735 m.
706 1669 742 1728 B.
761 1666 881 1746 Pagium
897 1687 1015 1748 quoque
1029 1687 1067 1726 ex
1084 1689 1146 1728 uo·

35 1777 89 1827 stro
108 1788 172 1827 non
193 1789 301 1849 pauca
327 1769 477 1828 ridemus
501 1769 685 1848 emendasse,
707 1768 960 1829 nocentioribus
980 1769 1146 1830 iuratione

36 1879 194 1951 temporum
217 1871 427 1932 conturbata.
471 1870 517 1928 lta
536 1869 573 1928 ab
586 1869 643 1928 har.
656 1881 742 1951 parta
753 1891 816 1930 non
826 1869 990 1932 iniucunda
1008 1873 1065 1932 erit
1078 1881 1145 1932 stu·

36 1972 121 2033 diesis
136 1973 366 2052 historieiaque
385 1947 560 2032 hominihus
582 1973 762 2052 comparatio
783 1973 938 2054 scriptoris
959 1973 1056 2034 nostri
1075 1993 1145 2034 cum

37 2074 167 2154 reliquis,
183 2076 235 2154 qui
249 2075 364 2134 eadem
375 2073 578 2134 tradiderunt.
610 2073 711 2152 Neque
725 2085 811 2154 neget
825 2077 989 2156 quisquam,
1010 2096 1060 2137 res
1071 2086 1144 2157 post

36 2177 159 2236 obitum
178 2177 307 2236 Rotnani
328 2177 466 2236 iunioris
486 2175 518 2236 in
533 2176 600 2234 aula
612 2185 705 2254 gestas
722 2173 792 2260 (19.
806 2177 838 2236 B.
852 2176 934 2258 sq),
954 2179 1144 2239 rebellionem

38 2277 152 2338 Leonis
175 2279 378 2360 Curopalatae
395 2275 466 2364 (90.
479 2273 534 2361 Α.)
541 2321 551 2354 ,
573 2276 650 2336 bella
663 2275 825 2336 Tziusiscae
841 2297 895 2358 per
909 2278 1059 2338 Orientem
1072 2275 1148 2362 (99.Ι

37 2379 74 2440 Α.
98 2375 190 2466 sqq.)
210 2381 377 2442 commode
397 2380 504 2441 abillo
528 2379 653 2460 exponi,
674 2380 787 2440 bellum
804 2378 1145 2460 Sphendosthlabianunr

39 2484 105 2542 inse
118 2503 243 2563 quoque
256 2507 294 2544 se
307 2485 476 2561 diligenter.
520 2483 564 2542 De
575 2481 743 2564 Nicephoro
757 2482 883 2562 periurii
895 2502 947 2542 reo
959 2483 1010 2550 25.
1025 2484 1058 2542 l).
1072 2484 1144 2544 satia

38 2605 145 2663 mgna
166 2585 329 2663 libertate,
351 2586 390 2646 de
405 2585 551 2644 Tzimisce
566 2583 655 2644 huius
670 2604 844 2664 percussore
860 2602 961 2644 severe
979 2595 1010 2644 et
1022 2587 1144 2649 fortiter

39 2687 180 2767 scripsit,
201 2697 241 2746 ut
257 2686 414 2747 hominem
427 2685 503 2747 recti
516 2684 692 2765 honestique
707 2684 873 2744 studiosum
890 2686 979 2745 facile
992 2695 1142 2764 agnoscas.

41 2791 180 2870 llariqne
197 2793 349 2864 Leonem,
370 2788 554 2869 temporibus
578 2787 693 2847 miseris
716 2796 747 2846 et
768 2787 861 2846 caecis
880 2787 915 2847 ad
936 2786 1092 2849 historiam
1111 2810 1144 2850 se

41 2894 267 2968 contuentem,
288 2890 394 2968 inique
413 2909 566 2970 compares
590 2907 656 2950 cum
676 2889 957 2969 pronunciatoribua
969 2911 1068 2952 rerum
1087 2912 1150 2972 ge<

41 3004 161 3056 mm
180 2994 311 3054 florente
332 2992 470 3069 Graecia,
500 2991 569 3072 qui,
592 2990 775 3052 curriculum
790 2990 872 3050 nauti
890 2992 1025 3072 felicius,
1053 3015 1141 3073 aurea

43 3095 192 3155 orationis
210 3095 356 3154 facultate
369 3094 432 3172 usi,
453 3093 511 3154 toti
523 3104 669 3154 terrarum
680 3092 746 3152 orbi
761 3102 850 3173 atqua
864 3094 999 3154 omnibus
1016 3096 1142 3156 saeculis

44 3196 232 3275 cognitionis
250 3205 281 3256 et
299 3197 482 3276 eloquentiae
502 3195 662 3256 clarissima
674 3193 787 3253 lumina
798 3194 959 3256 aocandere
969 3206 1142 3276 potuerunt

44 3297 157 3357 Hester
168 3297 300 3374 iudicio,
322 3299 474 3375 doetriuu,
493 3296 745 3377 generedicendi,
767 3296 932 3376 exprimere
947 3297 1049 3356 debuit
1064 3307 1146 3356 tem--

47 3420 158 3478 porum
177 3419 302 3460 snorum
321 3400 488 3480 imaginem.
531 3399 736 3478 Quapropter,
756 3398 851 3458 modo
864 3399 961 3458 lucam
981 3398 1072 3459 addet
1087 3420 1142 3460 re-

47 3499 101 3560 hu
123 3523 157 3560 ea
181 3511 279 3561 aetate
300 3504 389 3582 gestia
411 3499 512 3586 (quod
530 3501 668 3582 profecto
689 3499 796 3578 iacit),
819 3501 906 3562 facile
924 3503 1051 3588 feramus
1074 3523 1142 3561 eum

51 3605 227 3682 amelogise
244 3603 334 3664 fidem
355 3605 493 3666 habuisse
515 3604 585 3670 104.
600 3603 633 3662 C.
648 3601 781 3680 exiguam
797 3602 991 3682 geographiae
1005 3605 1142 3664 notitiam

50 3707 175 3786 prodere
196 3710 246 3772 80.
269 3707 303 3767 Α.
323 3708 467 3769 historiae
488 3709 596 3770 veteris
611 3711 662 3774 92.
678 3709 709 3768 D.
721 3737 764 3752 -
777 3704 891 3783 Polybii
911 3725 1034 3764 acumen
1048 3706 1141 3765 mira·

50 3829 132 3888 mur,
152 3809 311 3870 Plutarchi
325 3811 456 3886 litteras,
479 3811 593 3892 copiam
609 3805 774 3869 Strabonis.
818 3805 878 3879 Qui
892 3808 969 3865 tanti
981 3807 1040 3868 viri
1054 3818 1143 3887 atque

52 3911 130 3988 tales,
144 3909 305 3993 praesidiis
314 3913 475 3993 sapientiae
490 3910 689 3990 circumsepti,
702 3909 727 3968 ei
743 3929 856 3968 errores
871 3908 1026 3989 deponere,
1038 3910 1144 3990 lapsus

51 4013 140 4076 vitare
158 4033 266 4074 omnes
287 4035 351 4074 nou
369 4023 548 4094 potuerunt,
570 4013 639 4092 quis
651 4009 721 4070 'tam
737 4010 822 4070 rudis
837 4018 881 4069 est
894 4019 1063 4092 temporum
1073 4011 1144 4090 By·-
1233 4028 1236 4040 ·

51 4123 253 4196 annnorum,
275 4119 329 4197 qui
342 4119 470 4178 Monam
494 4115 525 4174 id
544 4112 678 4196 potuisse
701 4111 810 4194 putati

124 4225 180 4286 IX.
201 4223 295 4284 Hunc
307 4220 410 4300 igitur,
421 4219 598 4300 illavirtme
609 4213 762 4294 historica,
775 4231 968 4294 qamecunque
982 4222 1035 4289 est,
1055 4230 1142 4293 prae·
