2802 4624
152 901 158 916 ’
203 867 456 950 NICOLAI
487 867 719 945 MARIAE
753 865 1030 942 FOGGINII

129 1051 1105 1184 Annorsrsonns

370 1288 373 1294 .
593 1242 641 1297 IN

253 1337 256 1344 ’
316 1377 614 1454 ΤΗΕοοοεΠ
641 1373 916 1446 senossns

501 1585 732 1598 ³——un-

395 1724 441 1785 IN
460 1721 837 1790 ΡΒΑΕῈΔΤΙΟΝΕΜ.

152 1889 236 1954 vers
258 1898 286 1959 1.
302 1883 341 1956 Ὦ
361 1895 545 1977 Mcytorpuv
559 1889 641 1973 ἥλιε]
673 1892 873 1974 Nicephorum
887 1890 1016 1954 Phocum
1030 1889 1162 1972 Magistri
1179 1905 1231 1965 Ed,
1248 1905 1321 1964 Rom,

63 1975 211 2058 dignitate
234 1978 327 2038 luisse
344 1979 519 2058 insignitum
544 1979 695 2038 Gedrenus
715 1978 922 2058 europalates,
943 1979 1075 2038 incertus
1091 1998 1161 2040 con·
1193 1977 1225 2032 P·
1245 1979 1298 2035 ³76

62 2063 203 2122 tinuator
230 2061 433 2143 Theophanis,
468 2063 618 2142 ceterique
643 2063 804 2142 scriptores
824 2073 983 2124 testantur.
1024 2064 1163 2142 Magister
1191 2045 1283 2108 ⁰⁰¹³
1379 2087 1380 2096 ¹

30 2187 34 2192 -
62 2157 168 2206 sutem
184 2147 339 2206 dicebatur
352 2149 468 2226 primus
481 2148 560 2206 inter
573 2147 686 2206 nobiles
701 2149 889 2227 Imperatoris
906 2148 1079 2224 familiares,
1101 2169 1164 2226 seu,

1 2255 2 2266 ¹
62 2241 104 2292 ut
126 2232 226 2311 inquit
247 2232 388 2310 Euagrius
408 2231 520 2291 Hister.
545 2231 596 2296 lib.
618 2231 671 2293 llI.
692 2251 757 2312 cap.
778 2237 828 2300 29.
849 2229 970 2313 ἡγεμών
989 2237 1049 2294 τῶν
1070 2233 1102 2294 lv
1125 2230 1166 2319 τῇ

1 2319 2 2377 l
63 2309 148 2401 adipi
168 2311 288 2393 τάξεων,
306 2318 483 2395 praefectus
501 2317 674 2396 ‹officiorm
685 2319 810 2396 palatii.
852 2316 933 2376 Haec
948 2317 1091 2395 dignitas,
1114 2317 1166 2377 vel

1 2394 2 2442 Ῐ
61 2402 133 2481 ipso
155 2399 316 2460 Patricistu
326 2401 489 2480 illustrior,
513 2412 543 2462 et
562 2399 772 2483 ὑπέρλαμπρος
787 2401 1038 2483 splendidissima
1053 2402 1089 2461 sb
1107 2401 1164 2462 Hi-

1 2519 2 2550 i
61 2483 184 2546 storicis
206 2484 302 2560 dicta,
324 2487 378 2546 uni
389 2488 520 2568 primum
540 2488 768 2564 conserebatur,
790 2497 820 2547 at
834 2489 973 2568 deinceps
995 2488 1103 2546 collata
1120 2495 1166 2547 est

1 2571 2 2638 Ῐ
59 2570 213 2652 pluribus,
229 2575 270 2630 ut'
283 2591 320 2630 ex
333 2573 521 2654 Luitprando
533 2575 603 2636 lter.
619 2570 675 2654 pe'r
694 2573 805 2653 Europ.
821 2582 893 2651 gest.
914 2573 966 2636 lib.
984 2573 1033 2632 vt.
1050 2593 1114 2653 cap.
1133 2573 1163 2639 6.

1 2645 2 2722 J
62 2656 236 2733 colligitur,
258 2657 309 2736 qui
329 2657 436 2737 viginti
452 2668 579 2745 quatuor
595 2659 752 2738 Magistros
773 2667 934 2720 enumerat.
976 2656 1164 2718 Theodosius

60 2741 291 2820 Magistrorups
306 2744 398 2802 solem
413 2744 615 2826 Nicephorum
630 2744 795 2826 appellasse
809 2744 939 2823 videtur,
960 2744 1010 2804 vel
1026 2743 1095 2824 quie
1108 2742 1164 2802 Ni-

61 2825 216 2907 cephorus
236 2826 315 2888 inter
339 2829 442 2908 plures
461 2831 576 2911 primus
595 2838 685 2907 esset,
708 2830 756 2890 vel
771 2829 809 2889 ob
824 2830 977 2912 praeclara
993 2827 1054 2890 eius
1070 2837 1164 2906 gesta,

61 2912 172 2995 quibus
192 2910 284 2971 huius
310 2913 461 2992 dignitatis
483 2915 673 2998 splendorem
695 2923 819 2976 auxmat
831 2915 870 2976 ed
885 2924 1052 2977 ceterorum
1066 2912 1163 2992 Magi-

61 3009 198 3062 strorum
220 3000 399 3079 exemplum.
1050 3003 1054 3016 ‘

150 3089 179 3150 2.
201 3077 313 3164 Ῥώμης
325 3076 476 3164 tulisset]
491 3085 609 3143 Romae
617 3081 726 3144 uindex
740 3092 820 3146 certe
831 3083 890 3144 fuit
902 3082 953 3144 hic
965 3079 1163 3162 Nicephorus,

62 3167 134 3249 quia
143 3213 153 3245 ,
176 3175 212 3227 ut
230 3167 330 3246 inquit
351 3170 501 3228 cedrenus
515 3169 626 3236 Histor.
644 3171 745 3251 Comp.
758 3189 824 3249 pag.
840 3169 911 3238 642.
926 3164 1021 3231 nottol
1036 3162 1164 3249 spinosos

61 3249 214 3334 στήσαντα
232 3249 308 3315 nord
325 3258 387 3316 cair
406 3247 702 3338 insumpsimus,
722 3256 821 3313 multa
836 3252 873 3312 de
886 3255 1048 3314 Saracenis
1065 3254 1162 3310 oriere.

61 3339 182 3403 talibus
200 3349 353 3398 statuerat
368 3350 514 3417 tropaea,
536 3340 588 3418 qui
602 3339 726 3398 Romani
737 3339 858 3420 lmpen'i
876 3339 1047 3419 provincias
1061 3337 1162 3418 depof

62 3423 253 3504 putabantur,
279 3433 309 3484 et
323 3424 393 3504 quia
406 3425 521 3484 Cretam
539 3444 556 3482 a
573 3425 726 3486 Saracenis
742 3424 882 3505 Hispanis
897 3424 970 3484 olim
983 3433 1160 3504 occupatam

65 3509 272 3570 Romanorum
290 3510 418 3591 Imperio
441 3509 621 3572 restituerat.

144 3595 175 3658 3.
198 3586 369 3674 Πεπὸνηται
393 3593 449 3678 μὲν
463 3591 642 3678 episcopari
657 3591 726 3676 etc]
747 3593 828 3654 Haec
841 3592 877 3654 de
892 3594 995 3657 Cretae
1008 3613 1161 3675 expugna-

64 3667 148 3741 lions
169 3675 300 3736 carmina
321 3682 386 3738 iam
405 3693 514 3758 antea,
536 3680 657 3743 vivente
669 3699 776 3762 nempe
793 3679 869 3762 Imp.
883 3681 1017 3740 Romano
1029 3679 1159 3759 iuniore,

62 3781 126 3826 ase
147 3761 283 3820 conlecta
298 3763 389 3825 lmese
404 3765 589 3828 Theodosius
602 3775 739 3827 testatur.
782 3765 841 3826 Cur
855 3775 953 3824 autem
966 3785 998 3824 ea
1014 3764 1048 3824 in
1059 3766 1159 3825 lucem

61 3868 125 3908 non
139 3847 334 3946 produxerit,
355 3852 482 3912 necdum
496 3861 582 3933 capta
607 3851 761 3912 occasione
780 3849 944 3932 triumphi,
968 3861 1056 3930 atque
1081 3849 1155 3908 adeo
1173 3859 1268 3918 cstz

66 3931 226 4006 ovatronis,
248 3953 336 4011 quam
352 3935 536 4017 Nicephorus
552 3938 589 3998 de
603 3939 689 3998 Creta
702 3945 869 4017 expugnata
884 3945 991 4015 egerat,
1014 3935 1162 3995 rationem

1 4083 2 4086 Ἴ
62 4013 140 4076 hanc
152 4017 267 4078 reddit:
289 4017 322 4078 id
334 4020 432 4082 facere
446 4021 591 4102 timuisse,
615 4021 698 4103 quod
712 4043 728 4081 s
743 4030 894 4100 gestorum
907 4020 967 4081 eius
981 4019 1077 4098 gloria
1092 4019 1161 4099 plus

1 4155 2 4167 ,
64 4123 158 4182 aequo
179 4102 233 4162 illa
248 4103 404 4170 distarent.
447 4107 487 4166 At
504 4127 574 4168 vera
590 4127 676 4169 causa
691 4108 816 4169 fortasse
831 4107 929 4188 potius
942 4105 1012 4184 fuit,
1032 4125 1071 4165 ne
1083 4104 1160 4184 lmp.

1 4259 2 4262 Ἴ
63 4187 196 4247 Romano
212 4187 393 4269 displiceret,
407 4191 439 4250 in
452 4191 538 4252 cuius
553 4193 752 4274 suspicionem
768 4201 892 4253 venerat
907 4191 997 4252 nimis
1010 4189 1092 4273 apud
1103 4209 1161 4272 po-
1202 4209 1207 4214 ·

1 4273 2 4334 T
63 4272 169 4352 pulum
185 4271 384 4340 inclarescens
399 4276 562 4359 Nicephori
577 4295 696 4342 nomen.
712 4277 953 4341 victimirum.
