2802 4624
237 262 315 340 546
442 271 482 341 N.
502 267 551 338 M.
575 267 779 337 FOGGINII
801 263 1146 338 ADNOTATIONES

228 430 321 494 'cusai
343 429 491 492 caderent.
538 425 650 488 Nullus
670 423 901 504 historicorum,
932 445 1061 506 quorum
1088 423 1204 506 scripta
1227 424 1267 484 ad
1287 447 1345 488 noa
1383 407 1385 494 i

225 536 425 601 *pervenere‚
447 515 506 574 tals
526 512 690 594 Nicephori
713 520 912 571 commentum
937 509 1101 571 recensuit:
1130 511 1184 570 aed
1207 511 1345 570 fortassis

243 603 280 662 de
295 623 329 662 eo
341 601 522 660 mentionem
534 601 647 658 fecerat
658 597 718 655 Leo
734 597 898 668 thamnus,
922 596 973 676 qui
988 596 1075 676 plura
1088 595 1121 655 in
1136 595 1196 654 hac
1210 595 1344 654 Cretensi

243 685 461 767 expugnatione
478 682 640 765 Nicephori
655 691 880 761 stratagemate,
901 689 977 741 teste
993 675 1080 759 Pagio
1095 681 1170 742 ibid.
1185 701 1256 760 pag.
1274 682 1344 746 874.

242 779 469 832 memoraverat.

234 855 240 880 ·’
329 862 381 923 62.
402 843 610 932 Λεπτόνητον]
632 851 677 910 Ite
691 849 798 910 melina
817 849 932 928 corrige
950 869 1005 929 pro
1021 845 1218 930 lenro'vnpoa.

330 940 392 1020 [64.
406 938 503 999 Verba
517 943 570 1016 τῆς
585 937 728 1018 ἁμαρτίας
739 933 888 1013 iungenda
903 935 1120 994 videnturcum
1135 929 1260 1014 ποινήν.
1268 933 1302 992 F.
1311 931 1345 1012 l.]

322 1029 380 1089 ·68.
404 1020 513 1086 enada
527 1017 581 1102 εἷς]
598 1023 643 1081 lta
655 1023 721 1100 lego
733 1019 807 1080 haec
818 1019 919 1096 verba,
942 1039 1017 1100 quae
1028 1020 1170 1080 mendosa
1186 1027 1218 1078 et
1241 1039 1346 1078 manca
1385 1024 1387 1088 ζ

212 1162 228 1198 ο
244 1107 339 1171 edidit
357 1108 523 1168 Cornelius.

329 1197 381 1259 77.
404 1187 529 1272 Σεήπφ]
553 1189 1048 1269 Saracenorumperturbationem,
1065 1187 1289 1266 clamoremque
1303 1187 1347 1246 iu-

246 1287 358 1338 tereos
379 1280 540 1337 excitatum
554 1277 598 1336 rei
613 1275 833 1336 crudelissimae
853 1277 1002 1351 novitate,
1025 1273 1148 1354 propria
1164 1293 1271 1332 eorunr
1287 1273 1347 1332 lin-

248 1383 307 1442 gua
328 1383 363 1421 ac
379 1364 507 1422 dialecto
535 1361 678 1442 exprimit
697 1360 891 1420 Theodosius.
933 1357 1029 1420 Verba
1050 1359 1192 1419 videntur
1207 1357 1347 1432 Turcica,

248 1447 303 1508 scd
318 1447 512 1508 difficillimae
524 1446 794 1526 interpretationis,
822 1447 892 1524 quia
912 1445 1045 1505 obsoleta
1066 1453 1096 1503 et
1115 1443 1238 1503 Graecis
1264 1443 1346 1502 litte.

249 1533 291 1594 ria
313 1532 438 1592 sortasse
462 1553 524 1591 non
540 1532 602 1590 aine
617 1530 734 1590 librarii
758 1531 872 1590 mendis
894 1550 1041 1610 expressa.
1084 1529 1116 1588 si
1135 1529 1209 1608 quid
1227 1530 1345 1588 iuterim
1386 1547 1388 1576 ³

251 1618 418 1693 emerserit,
442 1615 576 1674 dabimus
592 1615 630 1674 ad
643 1616 761 1674 calcem.
1387 1617 1388 1620 ’

336 1701 404 1780 [80.
432 1703 557 1759 Sensus:
588 1699 732 1780 oppidani
751 1701 911 1759 clamorem
930 1699 1071 1759 tollentes
1090 1697 1190 1778 patrio
1210 1717 1346 1758 sermone

249 1784 427 1861 utebantur,
448 1786 501 1843 illa
514 1794 611 1842 autern
627 1785 778 1843 Cretenses
794 1785 951 1844 occidendi
963 1785 1045 1845 «ratio
1060 1793 1148 1844 tuum
1159 1793 1224 1843 erat
1239 1783 1344 1843 inven-

249 1879 333 1946 tum,
354 1869 572 1947 recensitoque
588 1879 618 1929 et
631 1868 793 1928 insolitum.
814 1870 848 1927 F.
863 1869 902 1949 1.]

335 1958 386 2020 82.
406 1949 546 2036 Ἀμηρᾶς]
570 1953 661 2012 Amir
688 1973 751 2013 vox
769 1953 911 2029 Arabica,
934 1975 1010 2033 quae
1030 1952 1185 2014 dominum
1207 1973 1264 2012 eeu
1291 1951 1345 2011 do·

251 2036 427 2098 minatorem
453 2039 616 2116 significat,
646 2058 683 2096 ax
706 2059 780 2117 qua,
808 2049 874 2098 tum
896 2041 977 2118 apud
1002 2040 1145 2113 Graecos,
1174 2045 1242 2096 tunr
1267 2039 1343 2116 apud

251 2121 374 2182 Latinos
391 2123 535 2203 sequioris
548 2125 613 2183 aevi
628 2123 756 2182 deducta
772 2133 843 2184 sunt
856 2124 944 2204 plura
959 2125 1102 2184 vocabula
1119 2122 1158 2181 ad
1171 2122 1344 2200 significan·

254 2207 307 2267 das
326 2209 408 2288 apud
433 2213 593 2267 Saracenos
616 2217 645 2266 et
658 2208 771 2267 Turcas
796 2210 908 2286 variae,
930 2229 1003 2288 ques
1019 2208 1185 2284 habebant,
1210 2229 1281 2266 curn
1295 2208 1344 2266 ali-

139 2299 173 2354 1³.
188 2295 240 2353 384
255 2313 314 2372 quo
329 2293 454 2374 imperio
470 2293 636 2371 dignitates.
680 2293 759 2366 Quin
775 2295 863 2352 ctiam
881 2315 919 2353 ex
932 2314 964 2353 ea
980 2315 1056 2354 voce
1070 2293 1151 2374 apud
1171 2313 1227 2351 noa
1245 2294 1275 2352 in
1293 2292 1345 2352 ho-

145 2367 202 2423 0οῑ
217 2369 232 2420 1
255 2399 328 2438 nore
341 2388 386 2437 eat
398 2377 506 2438 titulus
520 2379 738 2457 Ammiraglio,
759 2399 817 2458 qua
833 2380 927 2439 Siculi
942 2400 1073 2440 summos
1084 2379 1222 2438 classium
1236 2380 1345 2458 praese

106 2457 108 2464 ’
253 2472 317 2522 ctos
327 2462 365 2521 ad
375 2465 590 2523 Saracenorum
604 2463 797 2522 imitationem
811 2466 974 2544 appellasse
986 2465 1127 2524 videntur
1140 2463 1241 2542 primi.
1270 2465 1346 2523 Por·

251 2567 287 2607 ro
310 2547 433 2607 Amerae
454 2547 545 2607 buius
559 2548 590 2606 in
612 2549 696 2607 Creta
715 2558 789 2607 tunc
803 2549 978 2628 imperantis
994 2569 1103 2609 nomen
1125 2549 1232 2607 ratioet
1248 2555 1345 2626 poeta,

252 2631 303 2690 sed
320 2632 406 2690 nobis
427 2631 505 2692 illud
518 2632 680 2692 innotescit
699 2652 737 2691 ex
758 2653 907 2714 anonymo
927 2635 1142 2696 continuatore
1156 2631 1345 2714 Theophanis

252 2715 286 2774 in
301 2717 385 2774 llom.
402 2717 468 2776 lun.
482 2738 511 2776 n.
536 2718 588 2780 XI.
601 2737 668 2797 pag.
683 2721 753 2784 298.
775 2728 805 2779 et
824 2741 863 2778 ex
878 2715 1013 2780 Gedreno
1031 2739 1097 2799 pag.
1118 2717 1189 2784 643.
1213 2719 1264 2797 qui
1281 2740 1344 2778 eum

253 2795 439 2883 Κουρούπας
458 2801 617 2880 Corupam
631 2811 757 2873 vocant,
780 2823 837 2864 nec
857 2825 919 2863 non
935 2823 973 2864 ex
987 2803 1124 2864 Simeone
1138 2803 1296 2880 Magistro,
1317 2813 1344 2862 et

252 2885 433 2965 logotheta,
454 2887 486 2945 in
502 2888 587 2950 Rom.
610 2885 778 2952 lumnam.
799 2889 850 2949 1v.
872 2909 940 2970 pag.
965 2891 1037 2957 498.
1059 2889 1111 2969 qui
1132 2889 1237 2969 paullo
1261 2890 1343 2949 aliter

252 2965 398 3056 Κουρὸπα
416 2971 568 3051 Cecropem
583 2991 650 3030 eum
665 2981 831 3053 nuncupat

337 3061 389 3122 83.
416 3053 472 3119 Τὸν
487 3057 519 3119 ἐκ
535 3051 655 3135 Πύλου]
675 3059 802 3135 Pylium
818 3079 923 3136 senem,
944 3057 1098 3118 Nestorem
1117 3079 1236 3140 nempe,
1258 3081 1341 3140 quem

250 3147 399 3222 tamquam
413 3143 595 3202 Graecorum
611 3141 838 3202 disertissimum
852 3145 968 3226 saepius
982 3143 1122 3204 describit
1135 3145 1294 3208 Homerus.

214 3257 217 3266 ·
337 3225 400 3304 [89.
424 3225 558 3308 γέροντες
578 3225 611 3289 ἔν
628 3223 727 3311 χρόνῳ
739 3223 908 3310 ὁμόστολοι,
928 3230 1155 3300 αεαααᾉιηαηα
1172 3240 1267 3291 aetate
1283 3251 1341 3291 an-

186 3377 192 3391 ·
249 3306 358 3388 niaque
371 3311 512 3388 aequales.
534 3309 615 3392 F.1.]

337 3397 407 3458 108.
428 3388 604 3478 Αὕθαδῶς]
628 3396 781 3458 Cornelius
806 3397 905 3458 minus
926 3406 1060 3459 correcte
1086 3399 1235 3482 nulloque
1256 3421 1341 3463 sensu

251 3471 347 3534 edidit
363 3471 522 3554 α’φθαδαῖς.

337 3561 416 3627 leid.
435 3561 634 3646 Ἡπλαμὲνος]
657 3568 792 3650 Curupas
809 3575 889 3628 certe
903 3567 1063 3649 imperium
1081 3589 1169 3628 suum
1186 3571 1342 3632 extendere

252 3645 420 3725 nitebatur,
443 3651 583 3729 quoniam
607 3651 740 3728 barbari,
761 3663 835 3714 teste
856 3661 1003 3733 anonymo
1019 3655 1234 3716 continuatore
1245 3654 1343 3716 Theo-

251 3729 360 3811 phanis
388 3731 421 3793 in
439 3735 524 3799 Rom.
545 3735 611 3795 lun.
627 3755 659 3798 n.
682 3737 745 3798 Vll.
770 3759 837 3818 pag.
865 3743 944 3814 296,
965 3736 1060 3802 πολλὰ
1083 3737 1168 3804 dread
1188 3739 1241 3803 eol
1267 3738 1343 3804 saed

251 3815 303 3878 aad
324 3817 524 3900 αἰχμαλωσίας
537 3815 617 3883 καθ’
638 3815 767 3902 ἑκάστην
786 3823 829 3896 εἰς
848 3819 904 3904 τήν
923 3821 1076 3905 Ῥωμαίων
1093 3831 1154 3908 γῆν
1176 3825 1343 3900 ἐποιοῦντο,

251 3894 309 3980 ἐφ’
330 3897 400 3966 troo
423 3899 537 3987 ταύτην
555 3901 611 3986 τήν
629 3900 757 3991 μεγάλην
779 3911 876 3987 νῆσον
889 3901 1083 3998 ἐπόρθησαν,
1107 3909 1225 3970 damna
1243 3914 1345 3970 malta

251 4007 289 4044 ac
304 3989 389 4048 malo
404 3991 541 4068 quotidie
555 3993 706 4052 Romanis
725 3993 913 4071 irfirebant,
935 3999 1132 4076 captivosque
1152 4018 1191 4054 oc
1205 3996 1345 4076 praedae

251 4071 430 4152 abigebant,
457 4097 515 4156 quo
532 4099 566 4133 ex
584 4089 712 4157 tempore
728 4089 850 4138 vortam
868 4101 935 4138 eam
957 4081 1093 4140 insulana
1116 4101 1192 4140 auae
1214 4080 1344 4141 ditionis

240 4157 397 4232 fecerant:
418 4160 470 4220 sed
484 4161 670 4240 potissimum
685 4161 724 4221 ob
738 4163 895 4224 victoriam
911 4164 949 4225 do
964 4165 1085 4228 Graecis
1096 4185 1196 4247 nuper
1208 4178 1344 4248 reporta-

248 4247 309 4300 tam
325 4243 414 4303 nimia
429 4245 658 4322 insolescentes,
680 4247 807 4308 Romani
822 4247 945 4330 hperii
963 4249 1032 4312 loca
1049 4251 1083 4312 in
1096 4253 1270 4313 servitutem
1291 4273 1343 4313 re·
