2788 4616
273 295 349 372 432
543 398 547 407 Ι
613 305 651 375 c.
669 307 706 376 s.
726 305 843 376 lusu
861 307 1012 379 norm

271 471 471 548 nemineum,
492 463 742 548 queamdmodum
756 469 941 546 Magistmm
957 467 1164 548 inperatorem
1176 471 1358 532 renunciant.

271 557 381 635 Itaque
406 554 451 614 ad
472 553 701 611 tabernaculum
723 555 790 611 eino
810 556 844 611 in
865 573 959 611 unum
980 556 1131 634 congressi
1142 597 1257 615 ......
1297 555 1355 614 His

270 641 443 721 imperfecte
463 639 570 696 desinit
588 637 714 697 historie
736 639 884 717 Anonymi
901 639 933 696 in
953 639 1024 697 God.
1039 638 1195 716 Vaticano,
1216 659 1303 718 quem
1317 657 1357 699 ex

271 727 330 786 alio
357 727 431 785 mole
448 723 549 782 habito
569 723 753 802 descriptum
773 743 834 782 esso
856 726 979 782 lacunae
999 723 1148 803 spatioque
1161 725 1272 804 possim
1287 725 1357 783 nli-

270 811 370 871 brorio
393 808 497 869 relicto
516 804 633 891 (verbis
649 827 755 889 nempe
767 809 801 868 in
814 817 979 890 prototypo
992 810 1083 869 exesis
1096 817 1149 868 cut
1163 803 1288 890 deletis)
1302 809 1356 868 ‹lc-

269 903 444 956 monstrant.

355 983 427 1058 Pog.
449 979 500 1044 41.
523 980 578 1037 lin.
597 983 624 1044 1.
648 971 787 1057 illesione
807 973 841 1040 τὸ
864 972 1021 1058 μειράκων
1036 970 1212 1056 ω’νομᾶζετο]
1233 977 1270 1034 In
1284 995 1355 1036 ver-

268 1063 350 1123 sione
374 1063 500 1122 Cedreni
521 1085 538 1121 a
553 1063 710 1140 Xylnndro
733 1064 809 1121 iacto
827 1071 952 1121 vocatur
966 1063 1068 1120 Peluso
1083 1063 1117 1120 ll.
1137 1061 1208 1126 649.
1230 1062 1268 1119 A.
1283 1081 1356 1141 per-

266 1168 377 1228 peram.
420 1149 493 1208 Nam
515 1151 548 1206 in
571 1149 733 1226 scriptione
748 1141 885 1226 Πλεῦσης
901 1147 1091 1205 consentiunt
1105 1149 1179 1221 Leo,
1204 1145 1355 1206 cedrenus

265 1233 299 1291 in
312 1234 435 1308 Graeco,
451 1234 578 1313 Scylitzo
594 1233 726 1291 Historia
740 1255 802 1308 ms,
825 1235 952 1290 Zonaras
965 1233 1000 1290 ll.
1016 1233 1136 1298 1991).
1159 1231 1270 1310 Glyccs
1282 1231 1354 1297 305.

266 1317 302 1378 D.
326 1328 355 1377 et
368 1319 491 1396 Congius
510 1317 613 1376 Famil.
628 1319 749 1395 Byzant.
766 1318 883 1384 15110.

239 1399 263 1454 Β
354 1407 428 1481 Pag.
451 1404 501 1468 42.
524 1404 577 1464 lin.
600 1407 650 1467 21.
672 1399 909 1483 διαμιλλώμενα]
940 1401 1085 1483 Proposui
1119 1397 1351 1482 διαμιλλομὲνω·

267 1487 327 1546 nisi
342 1488 422 1547 diem
436 1498 574 1547 neutrum
585 1488 716 1568 positum
734 1509 790 1568 pro
805 1487 985 1547 masculino:
1007 1487 1067 1547 vid.
1075 1485 1211 1566 Vigerum
1222 1487 1267 1546 De
1280 1485 1352 1545 idio·

267 1572 348 1632 tism.
372 1575 422 1638 43.
444 1573 476 1631 C.
495 1572 596 1650 ibique
610 1581 706 1632 notos.

357 1661 431 1736 Pag.
454 1659 504 1722 43.
527 1659 581 1715 lin.
605 1661 632 1721 1.
653 1651 730 1718 καθ’
742 1651 783 1736 ἣν
796 1652 908 1738 ἄκρατα
920 1649 1109 1738 πανταχόθεν
1119 1653 1221 1736 εἰσρεῖ]
1240 1655 1351 1714 Exem-

266 1741 317 1822 pla
332 1742 471 1800 adiectivi
484 1737 623 1823 ἄκρατος,
647 1761 680 1799 eo
700 1761 786 1800 sensu
807 1763 866 1821 quo
884 1741 933 1802 hio
950 1741 1096 1823 occurrit,
1119 1741 1241 1820 collegit
1260 1739 1350 1799 Gata-

266 1827 355 1884 kerus
370 1826 531 1885 Miscellan.
555 1825 704 1906 posthum.
718 1822 743 1888 l.
757 1828 828 1892 450.
847 1827 879 1887 E.

350 1912 428 1988 Pag·
450 1911 500 1975 44.
523 1911 576 1970 lin.
599 1913 627 1975 6.
648 1908 704 1991 τὴν
712 1908 907 1992 παντοδαπὴν
916 1906 1023 1994 iocosis
1036 1907 1262 1992 susciptum]
1282 1910 1349 1970 Vul-

266 1993 362 2072 gatior
386 1997 480 2053 forme
497 2005 541 2053 est
555 1992 811 2078 α’παραμίλλητος·
828 1997 971 2077 Iosephus
989 1998 1134 2077 Antiquit.
1149 1997 1267 2055 ludaic.
1282 2001 1346 2061 271.

267 2083 303 2139 G.
328 2082 356 2138 S.
377 2079 507 2139 lustinus
526 2081 640 2160 llsrtyr
654 2081 863 2140 cohortatione
875 2083 914 2140 od
927 2084 1053 2141 Graecos
1070 2085 1118 2148 40.
1131 2083 1165 2140 Β.
1179 2079 1346 2140 Eustnthius

265 2163 304 2223 ad
325 2164 472 2244 Odysseae
497 2170 529 2227 Ρ.
552 2171 623 2232 627.
644 2171 694 2234 23.
723 2168 831 2225 Vocem
846 2168 1022 2226 rarissimam
1043 2161 1346 2248 oinopoipsliogncqut

264 2249 373 2309 Lexica
383 2249 502 2327 habent,
524 2271 620 2330 neque
631 2263 713 2312 extra
725 2253 852 2310 Leonem
867 2251 1004 2332 scriptor,
1026 2261 1061 2312 ut
1073 2271 1157 2312 nunc
1170 2252 1293 2330 quidem
1306 2251 1346 2309 le-

263 2345 382 2414 guntur,
406 2345 547 2414 quantum
562 2338 692 2413 memini,
713 2338 803 2396 ullus.
846 2338 973 2415 vestigia
987 2356 1143 2415 sgnoscere
1156 2335 1233 2394 mihi
1249 2336 1346 2395 videor

263 2420 345 2500 opud
365 2420 623 2500 Theophplactum
647 2423 801 2500 Bulgariue
821 2421 1073 2503 archiepiscopum
1093 2421 1188 2502 Epist.
1208 2441 1260 2482 xv.
1279 2423 1345 2486 818.

261 2502 461 2587 Ο,ι1περτίμῳ
481 2509 524 2588 τῷ
540 2509 658 2589 wulpi,
681 2507 732 2569 nol
748 2511 921 2591 παραρίλλῳ
935 2505 991 2588 τήν
1005 2513 1150 2589 γλῶτταν·
1172 2515 1203 2565 et
1215 2506 1346 2584 Epistols

259 2607 335 2646 Lxx·
351 2593 421 2654 922.
440 2589 471 2648 C.
490 2588 676 2668 εἰσφέροντες
690 2597 731 2676 τῇ
746 2595 916 2674 παραμὶλλῳ
937 2587 1182 2674 σοαᾶγαθότητι.
1223 2589 1347 2649 Utrobi-

260 2691 319 2750 quo
334 2691 395 2730 non
410 2673 515 2732 dubito
535 2674 606 2752 quin
622 2677 810 2736 scribendum
824 2678 863 2736 sit
876 2673 1075 2759 αἀαραμὶλλῳ.

231 2751 255 2805 ⁰
290 2765 294 2774 '
347 2761 419 2836 Pag·
442 2759 492 2823 45.
516 2759 570 2817 lt'n·
594 2764 642 2824 18.
664 2758 719 2836 τήν
741 2763 867 2844 καρδίαν
882 2761 1016 2843 βληθεὶς]
1039 2759 1344 2822 Adcoutminisexo-

259 2851 391 2921 speraret
405 2842 537 2921 plebem,
560 2853 678 2904 auctore
691 2847 803 2905 Zonara
817 2847 853 2908 ll.
868 2853 938 2913 199.
959 2848 991 2908 B.
1008 2845 1028 2909 ὅ
1041 2841 1221 2918 olosericis
1238 2848 1344 2922 μᾶλλον

260 2922 335 2988 αὐτὸ
349 2923 546 3009 ἐξετράχυνεν.
590 2929 639 2989 Sic
655 2931 734 2990 enim
754 2933 787 2990 in
803 2933 916 3012 optimo
932 2933 1002 2993 eod.
1018 2933 1087 3010 neg.
1102 2932 1202 2999 1715:
1228 2931 1263 2988 iu
1278 2948 1343 2988 cuso

258 3031 345 3071 secus
364 3019 417 3075 est.

342 3099 421 3177 Pag·
445 3097 495 3164 46.
517 3099 571 3158 liu.
594 3104 621 3164 1.
643 3097 677 3161 ἒν
691 3105 755 3173 τοῖς
773 3098 895 3181 Polou]
917 3102 959 3160 De
977 3100 1035 3162 hoc
1047 3100 1158 3183 palutio
1178 3098 1342 3160 suburbano

257 3182 290 3240 in
313 3182 569 3263 Constantinopoli
591 3183 748 3247 Christian.
774 3185 844 3251 175.
864 3187 894 3246 C.
917 3187 1099 3265 Ducangius,
1129 3185 1213 3249 cuius
1241 3181 1341 3244 ortho-

257 3266 414 3344 graphiam
431 3269 464 3325 in
479 3269 598 3328 nomine
613 3270 716 3331 Latine
729 3289 764 3327 cc
779 3271 890 3329 Graece
903 3272 1057 3331 scribendo
1073 3291 1137 3330 oum
1151 3281 1282 3330 secutus.

341 3349 418 3410 Ιῦἰᾶ.
440 3351 494 3410 lin·
518 3357 569 3419 18.
588 3349 639 3414 Ἐκ
659 3349 767 3417 τούτου
789 3354 992 3436 παρῤησίανὸ
1014 3352 1182 3436 Βασίλειος]
1207 3356 1234 3415 ls
1249 3364 1340 3414 motus

256 3430 515 3515 Constantinopoli
528 3437 638 3496 accidit
652 3459 679 3498 a.
692 3439 721 3497 d.
730 3439 765 3499 V.
777 3440 820 3500 ld.
835 3441 958 3519 August.
973 3450 1009 3499 ut
1023 3442 1064 3499 nit
1080 3442 1203 3500 Cedren.
1217 3441 1257 3501 [l.
1273 3440 1339 3507 648.

253 3515 290 3574 A.
312 3513 439 3597 ἒννᾶτην
460 3515 574 3602 ἄγουσα
589 3520 632 3624 [l.
646 3542 683 3582 ex
700 3524 791 3587 Codd.
807 3521 946 3606 ἄγοντος,
969 3545 1055 3585 sensu
1066 3525 1136 3586 item
1154 3522 1338 3605 postulante]

253 3604 309 3663 τοῦ
327 3595 377 3664 Ati
395 3595 505 3664 ου’στου
525 3628 630 3684 μηνος.
672 3609 766 3668 Paulo
779 3619 848 3691 post
864 3611 898 3670 B.
919 3606 978 3674 cisti
990 3606 1109 3693 πρώτης
1122 3606 1201 3693 ὥρας
1212 3615 1267 3690 τῆς
1281 3612 1340 3672 δευ-

253 3683 338 3766 τέρας
358 3625 485 3768 τῇιὲρας·
506 3691 582 3749 male
603 3693 774 3770 Xylander‚
803 3698 946 3774 aprima
974 3697 1158 3775 insequentis
1179 3693 1244 3753 diei
1260 3695 1339 3752 liora.

250 3765 322 3845 Est,
345 3775 486 3849 aprima
505 3773 583 3834 hora
603 3775 665 3834 diei
676 3781 795 3843 Lunae.
839 3780 1023 3842 constantin.
1039 3781 1223 3861 Porphyrog.
1244 3778 1338 3839 Caeri-

250 3871 331 3915 mon.
354 3857 437 3915 811Ῑῦ9
449 3858 520 3936 Byz·
542 3860 564 3921 l·
585 3863 656 3926 258.
671 3864 704 3929 C.
736 3862 908 3946 Ἡδεατέρα
920 3866 997 3923 enirn
1014 3867 1094 3946 apud
1109 3867 1238 3925 Graecos
1255 3863 1337 3924 Clui-

249 3939 362 3998 stionos
377 3950 420 4000 est
439 3945 586 4006 secundus
600 3948 779 4025 septimanae
800 3947 870 4008 dier.
913 3951 963 4009 Sic
982 3951 1040 4008 Leo
1062 3948 1112 4017 94.
1123 3951 1158 4010 Β.
1172 3947 1287 4028 ἕκτηῖἳὲ
1300 3940 1336 4028 ἦν

248 4026 304 4100 τῆς
323 4019 488 4106 ἑβδομάδος
508 4026 621 4110 ἡμέρα,
642 4029 671 4092 h.
690 4051 714 4092 e.
738 4031 798 4092 dios
811 4032 944 4096 Veneris.
987 4035 1120 4114 Denique
1135 4035 1216 4114 opud
1230 4033 1334 4093 Cedre-

128 4125 130 4130 ·
220 4113 325 4171 Dnum
346 4109 379 4169 B.
403 4111 457 4173 lin.
474 4117 503 4176 9.
530 4114 580 4171 ubi
604 4134 691 4174 nuno
704 4112 964 4200 κατεστρᾶφηααν,
985 4119 1086 4179 malim
1099 4113 1332 4200 κατεσκάφησαν,

250 4192 330 4267 quod
349 4203 429 4254 certo
448 4193 539 4253 hobet
558 4198 700 4275 Scylitzeo
713 4221 767 4262 ms.

334 4279 408 4356 Pag·
428 4277 479 4344 47.
501 4279 555 4339 lio
574 4285 605 4348 6.
625 4283 677 4345 sol
707 4283 887 4370 lpstsooo]
903 4287 1046 4350 'Fortcsse
1072 4305 1131 4348 sor.
1159 4285 1329 4370 ipesulooss·
