2802 4624
339 881 524 959 INDEX
546 882 940 963 EDITIONUM*

121 1065 370 1133 scaurorum
390 1071 474 1136 srva
496 1072 711 1136 carmon
731 1073 819 1137 s1vr
840 1074 1165 1160 cnnsrtasoaun
1195 1097 1199 1102 ·

579 1265 707 1309 QUIBU!

95 1401 129 1455 C.
147 1401 178 1457 B.
195 1402 323 1460 flletus
338 1403 379 1459 IN
395 1405 508 1462 Nouis
530 1407 747 1464 SCRIBENDIS
763 1407 975 1479 ,rnanun’ttn
992 1411 1085 1468 USUS
1102 1413 1185 1472 EST.

537 1621 744 1640 ῃ

93 1800 266 1912 Aetnaeas
287 1855 399 1916 Tarans
413 1855 457 1917 Da
473 1857 624 1919 emarchus
637 1858 838 1940 Clitophontis
865 1867 895 1920 et
912 1847 1091 1942 Leucippes,
1114 1879 1183 1922 cum
1199 1875 1230 1930 Ρ.
1245 1871 1297 1930 273

136 1939 217 1998 notis
232 1939 277 1999 Cl.
292 1941 437 2002 Salmasii.
454 1942 588 2021 Lugdun.
606 1944 708 2004 Baras.
719 1945 815 2011 ,164οι
832 1949 883 2010 16.

92 2021 267 2099 Acarnanas,
289 2025 322 2082 F.
338 2026 457 2105 Soirim,
479 2027 712 2108 Oneiaocritica,
739 2049 808 2088 cum
828 2029 942 2090 Nicolai
956 2029 1075 2108 Rigaltil
1097 2031 1185 2092 notis.

136 2107 286 2182 Lutetiae,
310 2111 401 2174 1603.
413 2109 444 2174 4.

94 2189 223 2249 hamar
236 2191 323 2250 Varia
335 2192 470 2269 historia,
484 2202 607 2254 curante
620 2194 1141 2272 Gronovio.Lugdun.Batav.1731.
1154 2197 1183 2264 4.

95 2273 254 2334 Arscnsnrs
266 2277 411 2336 Socratici
421 2279 533 2356 Dialogi
547 2288 608 2338 tres
619 2300 730 2359 graece.
753 2279 887 2340 Tertium
901 2280 994 2340 edidit
1002 2279 1185 2342 lthrider.

137 2358 303 2424 Fischerus.
318 2361 450 2442 Lipsiae,
473 2367 564 2430 1786.
586 2366 616 2428 8.

1 2461 2 2464 ’
94 2443 229 2505 Aosrsrr
244 2445 364 2520 diaconi¹
374 2448 528 2529 Expositio
546 2447 675 2528 capitum
688 2449 955 2529 paraeneticum,
975 2468 1078 2529 graece
1092 2455 1122 2508 et
1132 2449 1184 2512 lat.

137 2550 176 2589 ex
202 2531 375 2592 recensione
395 2534 481 2598 Mart.
502 2531 683 2612 Hayneccii,
711 2533 745 2592 in
770 2533 944 2597 Euchiridio
977 2533 1076 2598 ethico
1102 2533 1184 2594 edito

1 2677 2 2682 ,
136 2614 269 2694 Lipsiae,
292 2621 384 2694 1600.
399 2623 427 2684 8.
1278 2694 1283 2710 ι

1 2725 2 2728 ’
95 2701 295 2762 Αιυιιιιιιοιιιι
312 2703 469 2783 Epistulae,
488 2722 557 2762 cum
571 2701 715 2784 Stephani
730 2701 861 2780 Bergleri
875 2703 1086 2766 commentario
1102 2703 1185 2764 inte-

137 2805 191 2862 gro
208 2794 239 2844 et
248 2787 327 2846 notis
338 2787 361 2848 1.
376 2788 411 2847 Δ.
422 2791 556 2866 Wagner.
576 2787 702 2868 Lipsiae,
726 2792 815 2856 1798.
828 2792 858 2854 8.

97 2869 280 2934 Araxaanaa
298 2872 460 2932 monachus
479 2875 519 2932 lle
537 2873 711 2932 inventione
725 2873 755 2934 S.
776 2872 896 2953 Crucis,
917 2872 1023 2934 laccho
1046 2873 1184 2932 Gretsero

136 2955 308 3036 interprete.
350 2957 539 3036 ingolstadii,
562 2962 653 3024 1620.
674 2962 705 3023 8.

97 3037 260 3102 tarwana
276 3042 436 3103 monachus
450 3044 493 3102 lle
514 3043 603 3102 caede
626 3041 839 3102 monachorum
862 3041 1059 3116 Sinaitarum,
1087 3037 1187 3099 editus

139 3148 157 3186 a
169 3126 200 3185 F.
212 3126 397 3204 combefisio,
419 3148 479 3186 una
491 3148 560 3186 cum
571 3127 640 3188 Vita
652 3131 702 3188 SS.
715 3125 865 3187 Eustachii
880 3136 908 3186 et
917 3125 1090 3205 Theopietes
1103 3142 1186 3182 uxo-

138 3210 197 3289 ris,
220 3219 250 3270 et
272 3231 339 3272 cum
359 3211 443 3271 Actis
464 3213 492 3271 S.
510 3209 643 3286 Phileas,
673 3211 753 3272 Petri
775 3211 988 3286 Alexandrini,
1016 3207 1187 3270 Theodotus

138 3295 301 3374 Nicaenae,
324 3296 460 3358 silvestri
468 3296 611 3376 Rotnani,
633 3307 688 3362 etc.
702 3295 839 3374 Periclis,
862 3301 952 3364 1660.
970 3298 1002 3362 8.

109 3476 114 3491 ·
132 3453 147 3488 t
164 3445 298 3502 Eiusmodi
315 3447 429 3512 indices,
445 3445 559 3516 quanvis
571 3445 920 3517 similiaribusqnibuadam
936 3445 1001 3500 meis
1019 3461 1071 3498 non
1082 3440 1186 3498 atatam

167 3515 302 3598 probatos,
319 3518 364 3570 vix
381 3524 466 3570 tamen
483 3517 575 3570 abesae
592 3533 669 3584 posse
688 3517 799 3570 arbitror
818 3516 851 3568 ab
863 3516 912 3569 hoc
924 3533 1018 3584 guare
1033 3514 1187 3584 scripturae,

166 3600 195 3636 ιιι
208 3585 316 3652 gratiam
329 3585 578 3654 hexicographorum
593 3586 685 3654 partim
703 3591 839 3654 susceptos
857 3583 975 3654 quodque
992 3600 1071 3666 saepe
1088 3579 1186 3663 nitatur

167 3653 365 3708 aunodtatibus
385 3655 496 3708 labentis
515 3654 644 3707 Graeciae
665 3661 741 3722 atque
759 3654 903 3706 inclinatae.
938 3653 1011 3716 Quas
1032 3667 1056 3704 u
1077 3667 1134 3719 quas
1152 3647 1187 3701 ad

166 3721 287 3774 trutinam
299 3740 421 3777 revocare
433 3724 515 3778 denuo
529 3722 603 3786 velit,
619 3739 667 3777 nae
679 3723 724 3776 ille
737 3723 792 3776 siue
801 3721 901 3786 indice,
919 3722 1000 3792 qualis
1012 3727 1053 3773 est
1065 3719 1114 3772 hnc
1124 3733 1188 3770 con-

167 3789 251 3843 iectus
268 3789 336 3859 (quo
352 3791 556 3861 subsequentium
574 3791 650 3844 etiam
669 3791 731 3846 roll.
750 3791 860 3845 lectores
876 3791 974 3845 reterre
993 3807 1023 3842 se
1043 3785 1187 3858 poterunt),

165 3858 272 3913 maltum
284 3859 378 3912 laboris
390 3866 417 3912 et
425 3877 519 3930 operae
531 3859 677 3914 volutantia
688 3859 762 3914 libris
771 3861 869 3914 frustra
879 3865 1009 3914 consumat
1021 3873 1126 3937 awesse
1137 3859 1186 3905 cst·
1224 3863 1233 3872 “

166 3929 310 3982 Praeterea
325 3945 466 3993 monemus,
492 3930 532 3998 1.)
548 3931 689 3999 scriptores
710 3929 835 3984 historiae
855 3928 1014 3998 Byzantiuee
1036 3926 1118 3978 sicubt
1131 3921 1189 3974 lau·

165 3997 259 4054 deutur
276 3992 375 4064 (veluti
392 3998 531 4067 Agathino,
548 3999 773 4062 Anaacomneua,
791 3995 940 4060 Gedrenns,
962 3993 1091 4062 Georgius
1109 3989 1190 4043 Codi-

166 4085 231 4132 aus,
255 4065 364 4120 Nicetes
383 4065 536 4130 choniates,
561 4067 770 4138 Theophylactas
788 4065 944 4128 simocatta,
962 4063 1092 4125 Zonaras,
1110 4059 1191 4140 etc),

88 4147 94 4166 ⁸
167 4135 299 4190 comulas
311 4153 410 4206 semper
423 4134 614 4189 csseeditiones
626 4137 723 4204 Regias
731 4133 853 4203 Corporis
863 4130 1015 4202 anausim
1031 4129 1192 4198 2·)acrtpto·

165 4221 209 4258 re·
221 4205 341 4269 ineditos
359 4203 603 4330 sufflatum,
618 4203 729 4263 hamat
743 4204 810 4260 taus
822 4203 851 4258 is
861 4200 951 4256 nata
960 4199 1053 4265 uaso,
1069 4198 1117 4254 aab
1127 4211 1192 4252 vaae

168 4275 279 4333 hauto»
309 4277 339 4332 Ga
357 4276 391 4332 B.
536 4313 545 4330 .
