2786 4620
1 321 2 386 3
138 297 202 368 nr
221 297 378 370 earm.
395 300 485 375 sura
504 303 1028 396 Mc.l³ttoc.ssr10.'t'zltt
1073 318 1153 394 aar

1 439 2 444 '
49 457 147 523 meu
160 457 306 522 aarum·
319 463 616 542 mammiano.
634 467 789 534 imaum
828 473 906 538 oen
926 479 1066 542 mamm
1078 485 1149 565 qn.

48 561 124 624 dam
145 562 303 643 paruerim
322 563 361 626 ad
379 564 522 646 priatinm
536 568 637 650 udae,
657 573 709 634 alii
723 595 848 656 pror-aua
864 598 927 640 non
947 595 1148 670 ueeaaerant,

1 721 2 752 ζ
48 660 261 726 Ghriatianam'
275 662 368 726 iidem
386 669 523 751 proferri.
569 669 624 733 llio
644 673 735 738 robur
752 679 843 760 gartia
859 679 975 744 redibat
994 685 1145 754 Romanae

47 764 345 849 &mammona
306 765 313 781 ⁸
480 773 484 788 ¹

505 871 528 935 l.
540 872 563 938 l.
574 894 606 955 p·
619 874 693 942 487.

1 959 2 990 ³
135 966 224 1028 Anno
243 967 367 1032 cchv
381 967 447 1053 (qni
461 971 509 1033 die
524 978 568 1041 27
589 976 657 1037 Dec.
670 976 708 1040 A.
720 976 789 1042 Glir.
802 981 866 1051 966
877 984 987 1068 coepit)
1001 1007 1143 1054 ercome-

45 1066 127 1128 bant
151 1068 255 1132 Graeci
274 1069 308 1130 in
328 1091 432 1150 agrum
453 1071 670 1146 Mudemicum.
717 1081 835 1146 Primae
854 1083 984 1167 impetra
1005 1091 1143 1158 Amidam

47 1169 202 1252 perculit,
220 1179 283 1232 tum
294 1171 383 1234 mirae
397 1175 477 1236 faeta
491 1177 552 1238 eiua
566 1179 735 1260 obsidione,
756 1185 937 1268 Niaibinam3
959 1187 1030 1252 inde
1046 1201 1143 1256 trana-

45 1270 144 1348 greeai
158 1271 397 1352 elteaopotomia
407 1277 442 1338 in
454 1277 588 1359 Syriam,
609 1280 662 1343 diu
671 1279 833 1348 haerebant
844 1288 923 1352 circa
934 1289 1140 1376 Antiochiam

44 1372 170 1432 taudem
187 1373 313 1436 Tanaum
328 1379 511 1459 repetebant.

134 1473 243 1536 Εοάωι
263 1477 409 1544 liberabat
425 1481 612 1544 Seiseddarda
630 1503 717 1547 auum
738 1487 877 1568 affinem,
904 1490 1149 1560 Abu-Ferarum·

43 1574 284 1656 Hamdanidam‚
306 1600 323 1642 e
343 1583 487 1662 vinealia,
514 1585 594 1646 facta
616 1588 806 1667 captivorum
827 1594 1064 1678 permutatione,
1084 1617 1140 1682 par

43 1701 136 1762 quam
150 1683 366 1748 niualemorum
377 1686 481 1765 ingena
492 1686 656 1748 multitudo
667 1689 835 1756 libertatern
847 1697 1047 1778 recuperavit.

126 1871 242 1934 Interea
254 1871 327 1934 dum
339 1788 696 1954 Mmpotnssiiffioffii
709 1875 792 1940 huno
803 1878 837 1940 in
851 1881 973 1944 modum
985 1884 1137 1950 inteatlnia

40 1967 129 2032 bellio
145 1973 207 2055 ipsi
222 1993 286 2037 aeae
307 1974 457 2052 lacerant,
478 1975 529 2035 via
542 1977 663 2058 patebat
681 1980 822 2044 Romania
838 2004 894 2066 per
907 1987 1025 2068 Syriam
1044 2009 1137 2070 usqae

43 2073 83 2134 ad
97 2075 247 2156 Tripolin.
289 2076 396 2138 Arcem
411 2075 510 2138 Erech
527 2080 716 2160 expugnabat
730 2103 832 2144 eorum
845 2085 1018 2169 imperator.
1061 2088 1136 2150 Inde

41 2175 185 2235 tendebat
199 2177 362 2258 Emeaaom,
384 2199 473 2260 qnam
490 2180 597 2242 incolis
610 2202 736 2246 vacuam
748 2186 889 2248 facillime
906 2197 1014 2250 nactur
1033 2187 1135 2267 (adre-
1260 2255 1262 2262 ,

40 2275 155 2337 nientia
175 2287 288 2342 terrore
306 2281 433 2361 patriam
454 2281 676 2365 deseruerant),
705 2286 823 2350 iniectio
840 2287 960 2368 ignibua
982 2301 1135 2370 pernaata·

40 2375 103 2438 bat.
156 2377 204 2438 Ab
219 2401 253 2442 ea
275 2381 453 2444 excursione
472 2384 588 2446 redibat
611 2387 797 2450 adtractum
817 2388 1014 2469 maritimum,
1044 2411 1134 2472 quem

39 2479 150 2560 rapinis
164 2489 193 2541 et
206 2485 450 2564 populationibus
463 2487 621 2566 desolabat,
645 2498 675 2550 et
692 2489 860 2552 octodecim
872 2499 1025 2570 ruggeatua
1041 2491 1072 2568 (e
1082 2500 1132 2553 to-

36 2580 131 2644 tidem
144 2583 221 2644 fania
233 2589 405 2665 maioribus)
419 2588 562 2652 eiiciebat.
603 2593 765 2674 Postquam
778 2593 837 2654 duo
850 2614 963 2654 menaea
976 2594 1131 2656 incubuia—

36 2695 84 2746 aet
101 2661 222 2766 Syriae,
242 2687 339 2749 ebibat
354 2691 475 2751 domum
488 2691 597 2773 praeda
614 2695 713 2774 gravia
727 2703 757 2756 et
770 2695 896 2777 eaptivia
911 2717 1035 2758 numero
1047 2696 1131 2760 haud

34 2787 128 2850 tacite
144 2789 384 2870 complectendis.
898 2805 915 2824 ''
1134 2792 1139 2806 ’

119 2885 207 2949 Anno
224 2891 360 2954 ccctlx
382 2894 448 2975 (qui
464 2895 568 2964 die18
585 2895 661 2958 Nor.
678 2896 714 2962 d.
731 2897 800 2960 Chr.
817 2903 878 2966 969
898 2895 1009 2976 coepit)
1023 2917 1128 2964 ruram
1178 2969 1180 2977 ¹

35 2987 215 3049 invadebant
240 2993 366 3054 Romani
385 2995 518 3076 Syriam,
553 3007 583 3056 et
603 2997 762 3059 Antiochia
787 2999 935 3060 violenter
958 3009 1128 3080 expugnata
1172 3064 1177 3070 ,

38 3090 233 3172 caedibuaque
248 3103 278 3154 et
291 3097 403 3177 rapinia
417 3107 602 3178 pervaatata,
621 3099 769 3162 Halebum
781 3100 938 3181 petebant,
959 3119 1048 3179 quam
1066 3101 1127 3162 Co·

35 3191 132 3254 rubeh
144 3200 174 3270 a)
188 3204 260 3258 tuno
271 3191 397 3278 tenebat,
419 3197 624 3262 Seiieddaulae
634 3201 825 3283 mancipium,
846 3201 911 3261 lteri
923 3199 996 3277 filio,
1016 3199 1125 3261 tbu’l-

35 3293 143 3356 Manlio
167 3295 304 3360 Soharifo
323 3311 484 3378 extortam,
507 3309 540 3362 ut
559 3303 648 3365 modo
667 3302 810 3364 diximus.
851 3301 959 3362 Hicin
975 3323 1071 3364 orcam
1092 3324 1125 3366 ae

34 3404 204 3475 receperat,
225 3401 301 3461 urba
321 3401 402 3463 hosti
422 3404 572 3484 permista.
616 3404 778 3466 Obaidione
790 3403 830 3463 ad
844 3403 987 3484 temporie
1001 3405 1123 3484 aliquod

33 3497 176 3578 tolerata,
196 3511 301 3580 pactae
321 3503 458 3566 Coaubela
478 3515 593 3567 certum
613 3527 746 3568 annuum
764 3507 910 3568 tributum
928 3527 986 3586 pro
1008 3505 1122 3569 Halebo

34 3609 150 3680 ntegro
172 3601 267 3683 circa,
288 3606 438 3668 Romanoa
457 3609 624 3686 avertebat,
646 3609 752 3670 aumtia
769 3627 867 3670 aecum
881 3608 1033 3670 obsidibua
1048 3609 1121 3671 abe·

33 3711 130 3766 untea.
160 3704 206 3764 Ita
219 3706 306 3766 locua
318 3708 415 3768 foetur
427 3709 577 3772 Mualemia
592 3711 631 3771 ad
643 3711 786 3792 pristinae
797 3711 880 3772 eadee
894 3710 1122 3772 revertentibus.

32 3803 107 3864 lucia
120 3805 292 3868 Halebenaie
304 3817 402 3871 autem
413 3819 477 3872 tum
490 3823 575 3875 arant
585 3813 642 3874 hae
654 3822 818 3895 praeturae,
834 3813 969 3892 Remota,
990 3817 1122 3898 Emeaaa,

33 3906 230 3988 cesar-Tau,
253 3911 384 3990 Maarra,
405 3913 548 3996 Apamea,
568 3915 708 3977 Sclaaiuar
721 3923 752 3976 et
763 3913 811 3976 hia
825 3914 980 3978 interiecta
991 3919 1067 3981 loca.

65 4037 91 4107 “)
106 4037 136 4092 In
151 4041 279 4112 excerptio
300 4061 333 4098 ex
351 4041 460 4098 hiatoria
478 4047 572 4102 Halehi
587 4048 655 4102 infra
666 4047 817 4103 axlar'bendia
830 4047 951 4102 acribitur
969 4049 1018 4100 hoo
1030 4063 1119 4128 nomen

13 4161 19 4172 ,
99 4107 260 4179 Carghau‘ah3
278 4111 360 4182 quod,
378 4113 428 4167 nial
447 4115 537 4180 tollor,
553 4125 625 4171 recta
645 4135 674 4172 ee
693 4119 785 4182 habet,
809 4117 909 4172 omiaaia
932 4115 999 4170 enim
1015 4123 1119 4185 punctae

60 4207 65 4215 ·
97 4175 251 4244 diaoritioia,
275 4181 369 4250 quibua
387 4183 579 4254 diatinguuntur
594 4186 696 4241 litterae
713 4187 803 4240 Ghaia
824 4191 852 4240 et
862 4185 907 4240 Ye
923 4187 957 4239 ab
970 4184 1020 4238 aur
1033 4191 1060 4236 at
1070 4183 1118 4248 Be,

95 4245 170 4301 tecue
182 4251 309 4322 corrumpi
321 4252 407 4322 potuit
419 4269 508 4308 nomeu
520 4253 584 4309 illud
596 4255 623 4309 in
637 4256 767 4312 Gorubelt·
789 4253 823 4310 da.
