2786 4620
320 305 381 372 nu
402 291 686 376 merenunun
707 304 899 374 unocurt.
1081 297 1157 375 349
1236 391 1239 403 ,

58 481 141 541 tum,
162 465 223 526 boc
245 471 290 524 est
310 483 349 524 ex
365 465 511 527 adulterio
531 477 636 526 natum
655 464 891 548 chronographie
909 465 1043 528 innotuit
1050 488 1059 544 ;
1086 486 1157 549 aey-

58 573 183 650 lumque
198 568 255 628 sibi
268 569 388 648 seciam,
414 570 447 628 in
461 588 521 649 quo
537 569 623 628 alieni
638 569 713 626 neris
729 569 894 645 debitores,
914 570 1071 647 fugitives,
1093 591 1159 631 ser-

59 694 132 750 res,
160 671 347 749 homicidas,
377 691 413 730 ao
441 691 497 752 pro
523 669 654 730 reatibus
677 669 740 729 suis
764 679 860 751 morte
888 669 992 749 dignos
1018 672 1158 754 suscepit,

61 775 344 852 multitudinemque
366 773 526 852 quamdam
546 771 651 832 talium
673 770 728 829 sibi
751 771 893 848 adscivit,
916 791 991 852 ques
1010 775 1159 834 Romanos

62 876 242 958 appellavit:
264 895 301 934 ex
314 895 371 954 que
382 874 536 934 nobilitate
551 871 705 954 propagati
713 883 783 932 sunt
793 875 862 954 ipsi,
882 877 1158 954 qnosvosKosmo-

3 1009 5 1062 ς
62 989 212 1053 crateres,
238 976 270 1038 id
292 987 337 1038 eat
359 975 555 1056 Imperatores
578 973 750 1056 appellatis,
779 997 854 1054 quos
875 997 949 1056 noe,
969 977 1157 1056 Longobardi

62 1081 191 1156 scilicet,
213 1081 352 1154 Saxones,
374 1078 490 1154 Franci,
512 1078 700 1156 Letharingi‚
722 1077 865 1157 Baioarii,
888 1079 994 1156 Suevi,
1014 1080 1185 1156 Burgun-c

3 1215 4 1220 κ
63 1183 173 1242 diones
185 1190 270 1240 tauto
284 1181 489 1258 dedignamur,
510 1189 547 1240 ut
560 1179 698 1240 inimicoe
710 1189 831 1240 nostroe
846 1180 995 1256 commoti,
1012 1180 1062 1240 'nil
1076 1179 1160 1240 aliud

63 1282 330 1361 contumeliarum,
351 1282 427 1358 nisi,
449 1283 597 1358 Romane,
620 1281 769 1340 dicamusr
789 1280 849 1340 hoc
865 1282 928 1341 solo
942 1281 975 1341 id
988 1291 1032 1342 est
1047 1283 1159 1342 Roma-

63 1405 174 1446 norum
206 1385 347 1460 nemine,
385 1383 533 1464 quidquid
558 1381 770 1461 ignobilitatis,
806 1381 951 1462 quidquid
977 1381 1156 1460 timiditatis,

66 1486 213 1568 quidquid
232 1485 389 1562 avaritiae,
413 1483 560 1566 quidquid
573 1481 728 1558 luxeuiae,
751 1483 897 1563 quidquid
915 1485 1061 1546 mendacii
1071 1531 1081 1562 ,
1101 1486 1158 1546 im-

64 1611 114 1655 mo
128 1589 272 1670 quidquid
285 1589 429 1649 vitiorum
442 1597 502 1663 est,
524 1583 817 1665 comprehendentes.
859 1585 994 1648 Imbelles
1009 1608 1079 1648 vero
1092 1609 1158 1664 nos,

64 1703 94 1754 et
108 1692 264 1773 equitandi
282 1690 392 1750 inscios
413 1690 482 1770 quia
505 1687 580 1750 dicis
597 1687 623 1748 ai
639 1686 872 1748 Christianorum
893 1699 1015 1770 peccatu
1034 1711 1157 1772 pronae-

63 1804 185 1873 rentur,
206 1804 242 1856 ut
254 1793 288 1854 in
299 1793 357 1854 beo
372 1793 542 1854 austeritate
555 1790 715 1871 perdures,
740 1790 841 1870 quoles
854 1811 909 1852 ros
921 1791 1009 1870 estis,
1031 1813 1157 1872 quamve

63 1917 214 1980 pugnaees
224 1917 280 1958 nos
295 1897 405 1973 simus,
425 1895 502 1958 bella
515 1894 653 1976 proxima
669 1893 921 1955 demonstrabunt.
963 1896 1084 1956 Talibus
1098 1896 1157 1956 ui·-

64 1999 214 2081 cepborus
232 1999 425 2060 exacerbetur
449 1998 555 2074 dictis,
576 2017 666 2058 mauu
686 1995 838 2056 ailentinm
860 1996 988 2074 indixit,
1007 2017 1156 2058 maneam-

64 2122 124 2182 que
131 2101 196 2160 aine
202 2099 360 2164 latitudine
375 2102 493 2179 longam
504 2097 627 2175 auferri,
651 2117 756 2176 meque
770 2099 801 2157 in
816 2098 942 2160 invisam
960 2098 1091 2176 domum,
1104 2119 1157 2160 seu

67 2202 223 2264 atvertus
245 2203 351 2281 fatear,
371 2223 521 2264 carcerem
539 2198 649 2264 reverti
670 2200 830 2280 praecepit.
871 2201 931 2260 Ubi
944 2208 1011 2278 poet
1030 2199 1157 2260 biduum

66 2323 137 2366 oum
151 2301 370 2382 indignatione,
390 2313 457 2364 tum
474 2304 574 2380 reatu,
597 2309 628 2361 et
649 2299 715 2376 siti,
736 2321 842 2380 magno
861 2322 928 2362 eum
945 2301 1087 2378 languore
1107 2303 1187 2366 al-l)

64 2408 181 2483 fectus,
203 2405 255 2464 sed
272 2411 301 2466 et
321 2397 499 2467 asseclarum
513 2423 650 2466 meorum
668 2422 763 2463 nemo
771 2402 884 2480 extitit,
907 2404 1036 2484 quinon
1053 2402 1158 2464 eodem

65 2507 198 2569 ebriatus
215 2508 344 2588 poculo,
367 2508 445 2570 diem
467 2508 524 2570 eibi
543 2507 682 2568 ultimum
695 2505 850 2568 imminere
868 2505 1052 2568 formidaret
1096 2507 1158 2566 Cur

66 2629 175 2691 quaeso
191 2629 254 2670 nen
268 2619 470 2689 aegrotarent,
491 2608 600 2690 quibua
616 2616 679 2668 erat
696 2617 788 2689 petus
802 2629 859 2690 pro
879 2607 991 2690 optimo
1005 2609 1078 2670 vino
1095 2609 1157 2669 sel·-

65 2732 158 2793 sugn,
185 2732 241 2793 pro
270 2711 396 2774 culcitra
403 2757 413 2789 ,
443 2731 507 2772 nen
535 2713 677 2787 foenum,
704 2730 767 2771 non
791 2721 938 2790 stramen,
965 2731 1028 2772 non
1051 2712 1156 2772 uellem

63 2825 164 2892 terra,
185 2814 238 2874 sed
256 2812 367 2875 durum
386 2834 530 2893 marmor,
551 2835 608 2896 pro
634 2812 773 2876 cervicali
790 2813 891 2895 lapisl
923 2815 1030 2895 quibua
1051 2815 1156 2896 patula
1235 2801 1239 2806 ⁴

65 2917 188 2995 domus,
216 2935 279 2976 non
300 2917 447 2994 calorem,
468 2938 530 2978 non
551 2917 691 2995 imbrem,
718 2936 781 2976 non
798 2916 891 2995 lrigus
914 2917 1040 2980 arcebat.
1088 2917 1156 2998 Ipsa

66 3020 93 3081 ei
111 3019 205 3081 vellet
226 3019 307 3078 salus
329 3017 377 3078 hie
395 3019 589 3098 circumfusa,
610 3029 647 3081 ut
664 3019 754 3098 vulgo
774 3017 947 3098 loquimur,
970 3037 1019 3078 eos
1039 3017 1156 3078 calvare

65 3141 127 3182 non
152 3129 262 3201 posset.
310 3121 437 3201 Proprio
459 3140 546 3201 ergo,
575 3131 664 3202 atque
684 3139 819 3182 meonsm
844 3117 1015 3179 debilitatus
1035 3137 1154 3196 angore,

66 3231 234 3286 convocato
248 3220 348 3284 adme
362 3223 501 3301 custode,
520 3225 612 3286 imme
632 3207 822 3306 persecutore
836 3239 919 3296 meo,
940 3241 1003 3280 non
1017 3219 1156 3301 precibus

66 3327 175 3400 solum,
196 3323 249 3384 sed
261 3323 358 3404 pretio
370 3324 501 3404 obtinui,
522 3335 559 3386 nt
569 3327 723 3408 epistolam
734 3343 829 3384 meam
842 3322 926 3384 bunc
938 3323 1058 3382 modum
1075 3339 1182 3396 con-[r

65 3429 212 3490 tinentem
230 3425 393 3508 Nicephori
412 3426 498 3488 freni
516 3427 654 3492 deferret
694 3425 788 3488 Leoni
810 3424 977 3508 Coropleti,
1006 3433 1036 3484 et
1054 3425 1156 3504 Lego-

66 3529 165 3592 tbotae
181 3533 238 3594 τοῦ
256 3524 370 3613 dpo'poo
386 3529 588 3611 Luitprandua
608 3530 789 3612 Episcopus.
828 3529 861 3589 Si
882 3527 1045 3609 Imperator
1065 3528 1156 3587 Sere·

65 3634 206 3694 niarium
225 3632 419 3713 petitionem,
440 3632 479 3694 ob
495 3655 585 3713 quam
598 3635 679 3711 reni,
696 3631 840 3715 perdicere
860 3631 988 3710 cogitat,
1008 3647 1072 3688 uon
1086 3627 1156 3689 lati-

65 3746 137 3816 gant
157 3755 221 3812 me,
243 3755 316 3816 quas
336 3732 388 3794 hic
407 3735 556 3815 emtineo,
578 3738 748 3818 passiones:
770 3733 865 3796 literie
880 3730 1067 3794 solummodo
1081 3729 1156 3792 meis

66 3848 96 3899 et
115 3837 245 3918 nuncio,
265 3845 302 3896 ut
320 3835 487 3898 instruatur
505 3839 648 3900 Dominus
671 3856 769 3917 meua,
791 3856 839 3897 me
860 3835 912 3895 bic
929 3853 1044 3894 moram
1062 3831 1099 3892 ab
1120 3851 1156 3892 re

66 3939 249 4000 nonfacere.
293 3936 382 4012 Quod
399 3937 426 3997 si
447 3959 531 4000 secus
552 3961 601 4002 res
616 3959 678 4001 sese
690 3938 795 4017 babet,
816 3936 901 3998 navis
918 3945 948 3997 et
963 3935 1015 3997 hic
1030 3932 1157 3998 Veneti-

67 4059 189 4116 corum,
210 4039 403 4121 onereriaque
423 4041 578 4120 proficiaci
598 4042 736 4115 festinat,
756 4037 836 4098 hanc
856 4058 903 4098 me
927 4046 1078 4118 aegrotum
1100 4035 1157 4094 in·-

66 4141 149 4220 gredi
170 4141 266 4220 sinat,
286 4151 323 4202 ut
336 4141 362 4202 oi
383 4141 585 4204 dissolutionis
602 4161 685 4204 meae
704 4151 821 4223 tempue
836 4139 1006 4216 advenerit,
1028 4137 1155 4198 cadaver
1172 4149 1218 4204 cn*
1246 4154 1264 4176 ⁶

66 4261 164 4305 meum
185 4243 311 4325 genitsle
329 4243 434 4307 saltem
455 4243 553 4308 colum
571 4243 722 4328 emcipiat.
773 4243 855 4320 Qun
875 4240 1094 4320 conlegisset,
1121 4257 1154 4299 se
