2812 4630
160 211 162 216 ·
249 206 327 284 ooo
436 218 476 289 n.
497 220 544 288 u.
561 218 766 289 roccum
785 180 1127 290 annomnorns

244 399 362 462 passus
376 387 428 456 esc,
441 397 493 438 seu
504 381 741 457 permisitpnam
752 378 813 441 hec
824 335 1011 442 etiamsenau
1020 379 1145 444 rerbtun
1155 377 1254 465 πὲγο
1266 378 1347 462 apud

248 465 409 547 scriptores
431 464 560 524 Graecos
579 464 720 526 occurrit.

135 599 168 658 p·
181 601 234 658 390
334 572 387 638 46.
414 565 541 650 Ταύτης]
563 569 665 630 Malim
684 563 811 651 ταύτην,
829 580 865 632 ut
883 571 917 632 in
933 591 963 633 r.
978 571 1027 639 49.
1048 591 1169 652 queme
1191 573 1345 634 contrario

143 670 201 724 cal.
216 671 231 724 1
253 657 407 718 Cornelius
434 675 471 714 ex
490 654 627 714 hocloco
643 656 779 716 emendat
794 675 826 714 ea
841 659 956 718 ratione
971 659 1095 733 ductus,
1117 659 1202 737 quod
1221 661 1346 719 verbum

246 741 360 825 κρατέω
383 742 559 821 plerumque
587 741 799 820 cumgenitivo
816 743 1007 803 construitur.
1049 744 1177 819 Verum,
1207 744 1347 803 licetre-

246 829 320 904 rius,
341 827 501 906 scriptores
515 823 623 886 Graeci
637 827 837 885 accusativum
852 849 970 907 quoque
984 829 1010 887 ei
1024 828 1171 909 tribuunt,
1197 849 1235 887 ac
1250 829 1347 888 Theo·

246 913 361 974 doaium
373 912 414 970 sic
428 909 507 969 illud
520 913 731 980 construxisse,
754 923 924 990 argusnento
941 923 983 972 est
999 912 1193 994 participium
1209 911 1348 994 πέμπου-

246 1018 317 1072 σαν,
345 996 425 1076 quod
445 995 578 1075 alioquin
593 997 747 1056 emendare
764 997 834 1056 item
848 998 996 1058 debuisset
1011 999 1176 1058 Cornelius.

328 1104 378 1169 51.
403 1101 559 1184 Τρίκογχα]
583 1099 802 1180 Triconehum,
824 1103 905 1183 quod
921 1111 983 1162 erat
998 1104 1171 1163 cubiculum
1183 1103 1218 1162 in
1233 1103 1346 1184 palatie

241 1189 456 1270 Imperatorum
471 1189 568 1248 tribus
584 1188 745 1248 fornicibus
756 1199 959 1263 exstructum,
979 1209 1066 1269 saepe
1084 1201 1260 1248 memorant
1274 1189 1348 1249 scri·

242 1284 347 1355 ptores
364 1272 530 1353 Byzarrtini,
553 1295 678 1353 quorum
694 1275 885 1333 auctoritates
895 1275 987 1332 refert
1002 1275 1224 1334 Du-Fresniua
1239 1275 1275 1333 in
1289 1276 1347 1334 De-
1384 1273 1385 1286 ¹

242 1359 405 1438 scriptione
423 1360 697 1439 Corsstnntinopolis
714 1358 897 1419 Christianae
913 1358 962 1418 lib.
979 1358 1013 1418 ll.
1034 1368 1105 1421 sect.
1121 1359 1171 1418 tv.
1189 1380 1281 1420 num.
1300 1365 1346 1425 11.

242 1455 272 1504 et
284 1445 336 1502 lib.
348 1445 395 1504 lV.
409 1454 478 1504 sect.
489 1444 550 1502 Vll.
564 1452 683 1510 namt.
701 1444 811 1504 Verum
825 1445 942 1504 diverso
957 1443 1044 1523 plane
1058 1463 1145 1503 sensu
1158 1443 1223 1503 hoc
1235 1464 1347 1504 nornen

241 1528 362 1589 adhibet
375 1528 575 1604 Theodosius,
599 1529 651 1608 qui
669 1528 706 1586 ad
721 1550 800 1587 arma
818 1529 895 1588 illud
908 1531 1087 1588 transferens
1103 1527 1283 1589 adhibuisse
1299 1530 1346 1589 vi-

240 1615 328 1674 detur
341 1614 378 1672 ad
389 1611 626 1691 significandum,
642 1613 721 1691 quod
738 1614 881 1692 Polybius
896 1614 948 1672 lib.
965 1615 1013 1674 Vl.
1026 1634 1090 1696 pag.
1103 1615 1176 1680 469.
1193 1617 1345 1695 σιδηροῦν
1384 1631 1385 1638 ’

239 1693 347 1777 κόγχον
369 1695 544 1776 appellavit,
568 1698 665 1776 clypei
689 1697 828 1757 nimirum
851 1698 1024 1774 umbonem,
1046 1720 1097 1760 seu
1117 1700 1258 1759 ferreum
1271 1699 1344 1759 illud

239 1781 411 1860 spiculum,
433 1780 513 1859 quod
530 1781 562 1840 in
576 1782 673 1841 medio
690 1781 788 1862 clypei
799 1783 988 1864 prominebat
1008 1793 1038 1842 et
1060 1793 1123 1844 erat
1143 1784 1343 1863 triangulare.

236 1865 261 1926 N
266 1885 305 1924 on
321 1865 495 1924 absimiliter
508 1885 581 1926 voce
594 1869 750 1952 τρίκογχον
759 1869 797 1928 ad
809 1869 993 1948 triangulum
1006 1868 1227 1948 designandum
1235 1869 1342 1930 Graeci

235 1950 415 2012 recentiores
436 1961 572 2017 utuntur.

319 2061 370 2126 53.
394 2053 594 2140 Μιαιφόνων]
616 2059 660 2118 Ita
682 2057 800 2135 Codex,
821 2059 907 2118 etsie
928 2060 1095 2140 quoquead
1111 2081 1199 2122 oram
1214 2061 1340 2141 paginas

235 2145 406 2206 emendavit
423 2145 594 2222 Cornelius,
617 2165 704 2224 quam
720 2145 847 2204 inseruit
862 2145 896 2204 in
909 2155 995 2206 textu
1013 2167 1075 2205 uon
1088 2167 1105 2203 a
1119 2149 1235 2224 veteri,
1259 2149 1341 2207 seda

234 2250 315 2292 novo
333 2230 478 2311 scriptore
495 2232 630 2290 vitiatam
647 2248 759 2292 vocem.

272 2350 282 2368 ’
319 2344 370 2405 62.
394 2335 532 2417 Πνεῦμα]
555 2336 605 2394 Sic
616 2335 706 2396 habet
723 2336 834 2409 Codex,
855 2344 885 2396 et
898 2336 939 2395 sic
957 2335 1111 2397 Cornelius
1122 2337 1339 2418 corrigendum

234 2421 409 2496 adnotavit,
431 2425 513 2502 quod
526 2422 603 2480 mele
619 2423 802 2502 descriptum
817 2431 979 2502 acceparat.

339 2545 389 2606 67.
416 2537 473 2604 rte
488 2537 608 2620 χιτῶνα]
630 2539 726 2599 Huius
750 2541 843 2601 vestis
866 2539 1055 2618 Moamethis,
1081 2561 1171 2622 quam
1194 2540 1339 2619 rdigioso

235 2623 321 2684 cultu
339 2627 451 2684 Turcas
470 2635 668 2704 prosequutos
687 2626 816 2698 affirmat
829 2625 1025 2702 Theodosius,
1048 2627 1129 2706 apud
1142 2647 1209 2703 eos,
1232 2625 1339 2705 quide

232 2708 406 2772 Moamethis
417 2711 477 2769 vita
490 2720 520 2768 et
535 2711 572 2768 de
586 2710 748 2770 Turcarnns
761 2711 944 2789 dogmatibus
955 2712 1109 2791 scripsere,
1123 2711 1211 2770 nulla
1220 2711 1338 2770 mentio

234 2803 287 2854 est.
322 2795 420 2868 Quare
434 2795 484 2854 vel
496 2794 568 2853 huic
581 2795 651 2854 voci
666 2797 809 2854 mendum
824 2795 929 2871 inesse,
945 2797 992 2855 vel
1007 2797 1065 2855 alio
1076 2816 1174 2871 sensu,
1191 2817 1290 2874 quam
1302 2795 1338 2855 ds

231 2889 323 2957 veste,
343 2881 550 2960 explicandam
566 2898 628 2939 esse
639 2881 825 2940 crediderim.
849 2881 1013 2960 Scriptores
1027 2881 1246 2958 Ecclesiastioi,
1262 2900 1337 2959 quoa

188 3013 194 3035 ,
231 2965 313 3025 inter
330 2964 534 3025 Theodoretus
547 2965 665 3038 Quaest.
677 2967 818 3025 XXXlX.
833 2966 865 3024 iu
879 2967 1014 3024 Genesim
1030 2987 1097 3045 pag.
1114 2966 1166 3031 34.
1187 2968 1219 3024 S.
1236 2965 1336 3024 Atha·

230 3052 330 3109 nasius
347 3051 466 3123 Quaest.
483 3051 541 3110 LV.
556 3051 593 3108 ad
605 3051 797 3128 Antiochum,
812 3053 841 3111 S.
855 3051 1014 3129 Gregorius
1026 3051 1233 3110 Nazianzenus
1248 3051 1332 3109 Orat.

229 3135 397 3196 xxxvut.
414 3157 478 3214 pag·
491 3141 562 3201 619.
585 3145 614 3194 et
627 3137 786 3214 Origenes,
811 3145 884 3194 teste
899 3139 926 3198 S.
941 3135 1107 3216 Epiphanio
1128 3145 1197 3194 tum
1215 3133 1334 3194 haeresi

228 3218 333 3277 LXlV.
349 3235 387 3298 p.
409 3226 486 3294 229,
509 3230 574 3279 tum
598 3221 631 3280 in
649 3223 801 3281 Ancorato
822 3241 887 3300 pag.
901 3221 979 3296 494,
1003 3221 1040 3280 de
1053 3220 1164 3280 tunicis
1181 3220 1247 3279 illis
1265 3219 1334 3300 pel-

228 3301 312 3360 liceis
335 3302 529 3381 disserentes,
551 3306 657 3384 quibus
681 3307 775 3365 Adam
797 3315 827 3364 et
852 3307 963 3364 Horam
980 3307 1055 3364 Deus
1075 3314 1146 3386 post
1168 3317 1333 3384 peccatum

229 3386 377 3462 contexit,
398 3407 503 3446 vocem
522 3394 647 3468 χιτῶνα,
670 3411 727 3470 qua
744 3411 842 3450 sacrae
855 3391 979 3468 Paginae
996 3401 1125 3451 utuntur
1144 3391 1183 3450 sd
1207 3411 1333 3450 carnem

230 3489 398 3550 corpusque
422 3473 654 3550 designandum,
676 3497 766 3536 sensu
787 3485 864 3535 carte
889 3476 986 3534 minus
1007 3477 1113 3550 obvio,
1136 3478 1332 3535 transtulere.

226 3556 370 3630 Consule,
397 3557 423 3614 si
446 3557 545 3629 lubet,
568 3579 671 3617 eorum
692 3561 882 3621 auctoritates
909 3561 989 3640 apud
1010 3563 1168 3620 Suioerum
1191 3561 1223 3620 in
1246 3559 1332 3620 The-

226 3659 314 3699 sauro
328 3638 545 3703 Ecclesiastico.
588 3643 705 3723 Itaque,
729 3645 803 3726 quid
826 3646 851 3704 si
870 3646 901 3703 in
916 3647 1017 3704 coelem
1036 3662 1123 3704 sensu
1137 3644 1330 3705 Theodosius

223 3743 328 3785 rocem
352 3727 545 3788 adhibuerit?
562 3726 696 3809 'Corpus'
718 3734 852 3810 profecto
864 3729 1038 3789 Moamethis
1054 3730 1189 3790 bladinae
1215 3751 1331 3812 auper-

224 3820 377 3869 exstructa
391 3814 524 3872 aedicula
540 3815 698 3893 sepultum,
710 3816 752 3874 ita
766 3827 799 3874 ut
813 3837 830 3873 a
845 3816 961 3874 nemine
978 3815 1071 3902 possit
1087 3816 1234 3894 conspici,
1261 3837 1330 3874 ma-

222 3895 313 3955 ximis
344 3895 385 3954 ibi
414 3919 594 3976 prorsusque
616 3899 723 3958 divinis
746 3902 857 3960 Turcss
885 3900 1024 3980 prosequi
1046 3899 1212 3959 honoribus
1240 3901 1330 3981 apud

224 3998 325 4038 omnes
342 3980 542 4060 incomperta
559 3991 611 4041 est.
654 3983 733 4046 Hinc
748 3985 792 4057 fit,
816 3989 897 4064 quod
910 3992 999 4066 poeta
1012 3986 1135 4045 isrssares
1150 3984 1245 4045 hosce
1263 3987 1330 4046 cul·

224 4070 304 4122 tores
319 4066 424 4124 aserito
438 4067 564 4143 sugillet,
588 4067 639 4145 qui
653 4069 827 4130 Moamethis
842 4091 958 4150 corpus,
981 4081 1130 4149 tamquam
1155 4071 1229 4150 puri
1251 4091 1329 4132 aan-

224 4148 323 4225 ctique
335 4147 466 4210 herniaria
482 4151 615 4232 spolium
624 4154 863 4237 venerabantur,
884 4157 955 4231 dum
971 4157 1009 4219 ob
1024 4155 1102 4220 vitae
1115 4157 1273 4220 rationem
1287 4157 1327 4216 ab
