2786 4620
328 315 387 390 sn
407 313 691 386 nceruonun
711 317 905 390 rnocan
1082 315 1170 398 eos,
1210 267 1213 276 ’

68 485 228 562 peccatam
247 481 368 553 mcum)
389 475 569 538 distulimus.
609 475 694 537 Fecit
712 475 788 556 boc,
809 477 929 540 Domini
946 483 1004 545 mei
1021 482 1159 566 Augusti,
1189 537 1191 544 .

68 577 240 642 revertendi
259 580 391 656 advos,
411 587 442 639 ot
461 577 585 640 videndi
604 577 755 640 ineffabile
775 579 971 662 desiderium
1000 598 1030 648 et
1048 589 1083 650 ni
1097 588 1157 650 boo

68 683 165 744 solum
180 690 274 760 esset,
295 689 458 762 perpetuo,
479 689 516 741 nt
528 689 619 760 puto,
639 679 788 762 perierim.
827 683 975 766 Pugnavit
989 697 1093 752 contm
1107 697 1186 754 meo

69 785 256 844 insessastum
269 782 379 844 Auno
389 802 472 842 sume
483 782 604 842 flatibus
616 781 653 842 ab
665 782 733 842 imis
744 784 871 846 turbans
883 787 1007 852 sedibus.
1043 793 1158 867 Quum·

3 919 5 980 ἰ
71 905 130 967 que
159 885 219 947 boc
240 885 392 945 continuis
420 885 524 945 diebus
551 904 588 944 ae
608 884 747 946 noctibus
767 888 893 968 Dema,
919 891 1016 972 pridie
1033 895 1158 958 Kalend.

69 987 261 1065 Decembris,
289 985 360 1066 ipso
382 986 497 1046 seilicet
516 985 661 1068 passionis
685 985 749 1064 die,
769 987 906 1050 intellexi
925 1013 991 1054 meo
1008 995 1082 1056 mihi
1097 999 1158 1058 boo

3 1105 5 1132 ³
71 1088 219 1149 accidisse
237 1088 355 1148 delicto.
398 1088 467 1148 Sola
486 1089 604 1150 vexatio
622 1089 809 1151 intellectum
828 1091 911 1153 dedit
930 1095 1055 1158 auditui.
1096 1099 1159 1159 Fa-

3 1201 5 1224 ³
70 1210 136 1250 mes
156 1189 265 1270 quippe
283 1211 339 1250 nos
354 1190 543 1252 vehementer
560 1201 755 1273 oppresserat.
797 1194 905 1256 Terrae
924 1195 1039 1258 incolae
1051 1208 1158 1260 utno-

70 1301 133 1352 stra
146 1291 232 1352 nobis
248 1295 411 1370 auferrent,
436 1292 604 1354 interficere
618 1314 674 1353 nos
693 1293 875 1375 cogitabant,
897 1317 977 1360 mare
990 1319 1029 1360 no
1043 1299 1158 1381 effuga-

3 1383 8 1398 ’
68 1414 177 1470 remus,
198 1394 340 1457 fluctibus
353 1397 512 1457 aestuabat.
554 1395 631 1456 'l'una
643 1413 801 1456 conversus
816 1397 855 1456 ad
867 1399 1045 1480 Ecclesiam,
1067 1424 1160 1484 quana

70 1497 224 1576 videbam,
252 1499 328 1561 flens
356 1508 386 1560 et
414 1498 527 1560 einlms
549 1497 686 1578 inquama
714 1493 832 1558 'Sancte
860 1495 979 1562 annes
1006 1503 1158 1585 apostole,
1248 1489 1251 1498 Δ

71 1599 311 1680 compiscatoris,
339 1601 514 1677 confratris,
541 1608 572 1660 et
594 1597 761 1680 coapostoli
777 1598 824 1659 tui
843 1600 971 1663 Simonis
989 1605 1070 1668 Petri
1090 1627 1157 1668 sum

70 1721 185 1763 servus.
233 1703 380 1764 Passionis
396 1713 466 1765 tuae
484 1704 584 1762 locum
607 1721 667 1761 non
686 1697 843 1780 abhorrui,
863 1723 920 1766 nec
939 1707 1080 1788 superbia
1101 1709 1157 1770 de-

70 1803 197 1863 clinavit
226 1803 288 1866 urit
307 1825 355 1866 aus
375 1805 497 1866 domum
515 1803 660 1866 redeundi
680 1802 849 1881 Augustalis
869 1805 961 1886 visio,
981 1807 1182 1890 Augustalisl)

70 1925 165 1966 amor.
208 1906 285 1966 Sita
307 1906 345 1966 ad
359 1907 592 1986 indignationem
613 1901 776 1966 commovit
791 1915 948 1986 peccatum
961 1928 1058 1972 meum
1068 1955 1077 1988 ,
1099 1912 1158 1972 eli-
1177 1951 1179 1958 =

71 2007 132 2068 ciat
153 2007 438 2070 ad·anissrieordism
457 2027 593 2070 meorum
610 2005 748 2068 meritum
763 2006 974 2086 Augustorum.
1015 2012 1083 2074 Non
1097 2011 1158 2074 ha.
1234 2039 1235 2048 κ

69 2110 142 2186 bes,
161 2111 247 2170 tratri
264 2111 344 2190 qnod
361 2112 514 2188 conferas3
538 2109 641 2170 confer
660 2108 849 2186 diligentibus
866 2111 988 2172 fratrem
1007 2112 1156 2192 Augustis,

3 2217 4 2226 ²
71 2211 256 2273 inhaerendo
276 2213 317 2291 ei,
339 2213 392 2293 qui
407 2213 506 2273 omnia
524 2212 618 2274 novit
659 2209 745 2272 Nosti
760 2218 796 2269 tu
811 2221 921 2289 quanto
938 2213 1041 2275 labore
1059 2225 1089 2275 et
1101 2237 1157 2278 su-

71 2314 163 2390 dore,
186 2313 360 2396 quantisque
381 2314 490 2395 vigiliis
511 2323 543 2375 et
567 2311 710 2393 impensis
731 2313 895 2374 Romanam
914 2313 1015 2376 fratris
1035 2317 1081 2376 tui
1098 2319 1157 2379 Pe·

69 2416 113 2476 tri
125 2414 262 2497 Apostoli
274 2417 437 2479 Ecclesiam
458 2437 497 2478 ex
507 2416 669 2498 impiorum
681 2413 818 2474 manibus
834 2425 966 2496 ereptam
986 2417 1157 2498 ditaverint,

69 2517 298 2597 honoraverint,
325 2520 537 2596 exaltaverint,
566 2527 596 2578 st
617 2517 651 2576 iu
670 2525 778 2576 statum
798 2519 956 2599 proprium
976 2521 1160 2582 reformave-

69 2613 142 2682 rint.
168 2619 201 2678 si
213 2641 277 2704 mea
288 2642 336 2682 me
349 2622 547 2703 praecipitant
561 2640 666 2702 opera,
687 2617 822 2699 ipsorum
836 2621 940 2682 saltem
952 2621 1080 2683 liberent
1093 2641 1159 2682 me-

70 2723 147 2784 ritas
166 2742 297 2803 quosque
305 2725 375 2785 vult
387 2725 573 2806 praedictus,
591 2721 651 2782 fide
671 2728 701 2780 et
713 2721 855 2800 sanguine
875 2723 968 2786 irater
984 2733 1055 2786 tuus
1066 2723 1157 2805 Apo-

3 2847 4 2852 *
69 2823 218 2885 stolorum
241 2826 382 2909 Princeps
402 2826 562 2908 Apostolus
579 2825 700 2899 Petrus,
727 2824 762 2884 in
783 2824 850 2884 aliis
869 2825 958 2886 rebus
975 2825 1103 2904 gaudere
1128 2833 1160 2888 et

69 2925 257 3008 prosperari,
278 2927 311 2986 in
323 2926 394 3006 hac,
416 2929 522 3007 idest,
542 2929 575 2988 in
587 2945 643 3004 me
665 2945 753 3004 quem
767 2925 826 3007 ipsi
841 2928 1019 3004 direxerant,
1038 2925 1160 2988 minima

70 3027 251 3088 contristari.
291 3029 359 3089 Non
376 3040 437 3108 est,
464 3029 585 3093 Domini
601 3028 659 3088 snei
675 3027 800 3107 Augusti
820 3028 1033 3110 Imperatores,
1054 3029 1188 3092 venante

64 3105 157 3206 ¹sileo,
178 3149 242 3191 non
258 3140 303 3190 est
317 3131 449 3193 adulatio
462 3132 552 3210 baec,
573 3151 630 3192 nec
647 3149 759 3190 consuo
776 3150 860 3191 nuno
870 3128 1013 3211 pulvillos
1028 3127 1082 3186 sub
1098 3147 1160 3188 cu·
1269 3164 1274 3181 ι

69 3219 135 3291 bito
149 3252 274 3309 manus,
295 3252 356 3310 res,
377 3234 516 3313 inquam,
537 3252 607 3294 vera
628 3225 687 3292 est:
708 3239 778 3312 post
790 3231 913 3292 biduum
927 3228 1032 3317 vestris
1045 3229 1160 3290 meritis

69 3341 155 3393 tanta
175 3343 222 3395 est
240 3337 350 3394 fretam
360 3336 578 3417 tranquillitate
595 3333 746 3414 sedatum,
767 3341 818 3410 nt,
838 3353 907 3394 cum
921 3339 1027 3391 uentae
1041 3352 1059 3389 a
1073 3331 1160 3391 nobis
1234 3406 1237 3418 Ι

73 3435 265 3513 aufugerent,
293 3435 353 3516 ipsi
371 3438 518 3498 Leucaten
539 3454 634 3515 usque
655 3433 875 3512 navigaremus,
904 3436 1080 3498 milliaribus
1097 3437 1161 3498 sei-

71 3535 146 3595 licet
168 3546 287 3596 centum
309 3547 339 3597 et
360 3539 553 3619 quadraginta
575 3535 653 3596 nibil
674 3534 854 3596 discriminis
875 3548 928 3598 aut
946 3539 1087 3601 tristitiae
1103 3561 1162 3620 pa-

72 3635 194 3716 tientes,
215 3638 273 3698 nisi
287 3659 394 3718 parurn
409 3642 442 3702 in
460 3641 596 3701 laboibus
611 3636 745 3697 fluminis
765 3636 901 3716 Acheloi5
923 3641 975 3702 ubi
989 3641 1161 3702 discurren—
1229 3644 1237 3661 ⁸

71 3746 126 3798 tes
144 3738 287 3800 velociter
309 3740 421 3803 fluctus
447 3743 509 3804 sius
530 3740 620 3803 maris
643 3738 725 3799 unda
750 3726 929 3806 reverberat.
977 3742 1057 3817 Quid
1081 3762 1160 3822 ergo,

70 3849 280 3924 praepotentes
304 3841 446 3923 Augusti,
476 3841 644 3922 retribuetis
669 3839 797 3900 Domino
820 3861 877 3922 pro
902 3845 1057 3922 omnibus,
1086 3863 1162 3924 quae
1178 3851 1269 3910 0ol2

70 3940 213 4004 retribuit
227 3942 260 4002 in
278 3944 449 4005 movebis?
471 3937 568 4005 dicam
586 3942 669 4024 quid.
711 3939 777 4001 Hoc
794 3941 871 4001 Deus
891 3945 975 4024 vult,
994 3945 1053 4006 boc
1067 3935 1161 4026 petit3

71 4051 103 4103 et
121 4044 258 4122 quamvis
279 4043 344 4105 sins
363 4046 450 4106 vobis
470 4045 529 4107 hoc
549 4047 646 4106 faeere
664 4041 777 4126 possit,
806 4043 873 4104 vult
893 4053 991 4107 tamen
1013 4046 1102 4107 huius
1118 4045 1164 4106 rai
1248 4114 1249 4122 ἵ

70 4163 136 4205 osse
150 4145 312 4227 hypurgos,
334 4147 366 4208 id
379 4157 423 4209 est
434 4149 606 4208 ministrosr
626 4145 691 4226 ipso
707 4147 786 4207 enim
804 4149 927 4228 quodsi
942 4145 1163 4226 efferatarum,
1272 4193 1276 4212 .

72 4249 206 4308 custodit
223 4250 305 4328 quod
315 4248 430 4328 exigat,
450 4258 487 4310 ut
499 4248 597 4331 possit
611 4266 754 4310 coronare
769 4251 850 4330 quod
859 4259 999 4333 praestat.
1039 4247 1163 4310 Adver-

45 4387 52 4406 ι
116 4389 118 4394 ,
142 4345 300 4416 manat
315 4348 436 4419 usgosto.
917 4350 961 4422 24
