2802 4624
217 246 295 324 636
412 257 467 326 on.
487 259 535 327 Μ.
554 251 755 326 FOGGlNll
775 248 1118 322 ADNOTATIONES

218 418 321 480 Plures
335 415 442 478 deinde
452 414 657 496 expeditiones
669 412 702 472 in
716 412 832 472 Cretam
844 409 880 470 ab
898 410 963 469 eliis
979 408 1065 470 etiarn
1081 405 1319 489 Impereton'bus

219 512 372 584 susceptae
389 511 475 580 sunt,
497 519 597 562 omues
613 509 714 557 temen
726 496 806 556 haud
821 516 963 578 prospero
976 495 1075 569 exitu5
1098 503 1128 552 et
1139 493 1317 572 praecipue,

221 608 297 668 quae
319 588 402 648 iussu
425 583 611 645 Constantini
630 581 881 664 Porphyrogeniti
901 588 1036 658 suscepta
1057 587 1120 650 est,
1143 577 1237 636 Ducis
1257 577 1320 634 irn-
1365 581 1367 604 ³

219 672 329 752 peritia
354 693 391 731 uc
411 669 544 730 socordia
564 669 642 728 male
666 667 786 728 omnino
809 667 928 726 Graecis
954 665 1051 723 cessit.
1094 662 1191 722 Habes
1211 661 1257 720 rei
1270 661 1319 720 hi-

218 757 343 816 storiam
354 758 385 816 in
400 753 546 834 excerptis
562 753 668 814 Leonis
683 752 806 812 Dieconi
821 751 902 831 epud
917 750 1036 827 Pagium
1048 748 1148 807 Critic.
1160 747 1195 806 in
1208 747 1318 805 Annei.

113 836 171 902 cab
187 840 207 900 2
222 841 331 906 Boron.
349 840 431 901 Tem.
450 839 500 898 lll.
520 859 587 920 pag.
608 838 680 904 874.
726 837 944 896 Constantinus
964 835 1130 913 Imperator
1150 853 1224 890 carn
1245 832 1320 890 tte-

220 929 350 986 tsnes'am
365 927 514 983 iniuriam
538 923 730 1000 occultasque
740 924 950 1000 grassationes
958 922 1041 996 ferre
1053 939 1113 976 nen
1126 925 1242 995 posset,
1262 919 1320 974 iu·-

220 1022 267 1070 sto
282 1011 447 1088 conscripto
464 1011 611 1083 exercitu,
634 1007 793 1085 multaque
809 1006 896 1084 lenge
910 1008 1036 1064 navium
1053 1000 1320 1060 incendiariorum

220 1098 373 1152 instructa
386 1095 484 1151 classe
498 1092 644 1152 adversus
663 1091 783 1149 Cretam
795 1093 895 1166 misit,
918 1093 1012 1170 quast
1024 1090 1124 1166 primo
1142 1090 1251 1146 statim
1269 1108 1320 1144 as·

219 1179 306 1237 saltu
322 1163 495 1258 praeliique
527 1179 709 1256 irweptantis
732 1177 861 1233 clamere
894 1195 929 1232 ea
952 1177 1127 1253 potiturus:
1147 1175 1253 1232 Dacis
1271 1183 1320 1229 ta-

220 1283 302 1338 men,
325 1284 363 1320 ac
382 1265 555 1337 Praetoris,
582 1263 712 1340 ignaria
733 1262 944 1339 imperitiaque
965 1257 1042 1338 (riri
1063 1259 1177 1316 scilicet
1198 1260 1319 1332 exsecti,

224 1347 477 1428 Cubiculariique
491 1351 523 1406 in
542 1347 651 1406 umbra
665 1344 798 1421 educati,
819 1345 1056 1423 Paphlagonum
1072 1345 1193 1421 regione
1207 1345 1320 1400 orian-
1379 1407 1380 1410 Ἴ

220 1429 266 1508 di,
285 1431 502 1491 Constantinus
516 1435 545 1491 ei
557 1451 673 1508 nomen,
692 1427 837 1506 Gonzylrs
850 1449 1012 1509 cognoram
1026 1438 1100 1502 erat,
1116 1430 1240 1485 tansetss'
1254 1429 1321 1486 Pa·

220 1519 510 1575 triciorumillustri
528 1515 679 1595 digrsitate
689 1512 847 1594 fulgebat)
868 1517 965 1572 omnis
981 1513 1032 1571 hie
1048 1516 1209 1587 exercitus,
1230 1531 1320 1590 paa-

222 1603 268 1657 cis
283 1599 446 1662 dumtaxat
457 1605 600 1682 exerptis,
622 1621 644 1658 a
662 1599 804 1660 barbarie
818 1601 973 1677 concisus,
994 1601 1252 1680 internecionsque
1265 1593 1319 1654 de·

221 1686 301 1746 letus
318 1697 371 1746 est.

304 1773 355 1837 89·
370 1763 425 1830 ’Ὰν
438 1764 494 1850 peip
510 1765 544 1832 tsi
557 1761 693 1849 λουτρόν]
716 1767 762 1826 dd
773 1765 947 1826 excitandos
963 1787 997 1826 eo
1006 1765 1096 1845 magis
1108 1766 1242 1826 militum
1256 1766 1318 1824 sni-

219 1871 302 1926 apes,
322 1851 509 1932 Nicephorus
531 1853 670 1933 martyrii
693 1851 870 1911 desiderium
891 1852 950 1912 illis
972 1852 1107 1932 inspirat.
1148 1851 1235 1910 Hanc
1251 1871 1318 1910 cre·

219 1937 377 1996 dulitstem
390 1935 442 1995 diu
454 1937 511 1998 lete
522 1937 682 1997 invaluisse
695 1937 833 2017 pluribus
848 1937 1037 2016 comprobari
1052 1945 1150 2016 potest
1164 1936 1316 2017 excerptis.

219 2019 296 2078 Vide
317 2021 496 2081 Bellendum
517 2022 601 2088 Tora.
627 2022 678 2082 IV.
702 2023 767 2082 lun.
788 2041 853 2102 pag.
873 2024 945 2090 658.
968 2031 999 2082 et
1012 2022 1096 2082 Tem.
1116 2021 1151 2082 V.
1178 2041 1246 2104 pag.
1267 2023 1317 2086 81.

219 2105 424 2166 blabillonium
443 2107 552 2168 dunel.
567 2109 592 2166 T
594 2127 651 2167 om.
667 2107 718 2166 ΙΙΙ.
731 2126 799 2190 pag.
812 2112 886 2174 227.
985 2110 992 2132 “

303 2195 354 2258 97.
378 2191 541 2272 Κροτεῖτω]
564 2193 599 2252 ln
618 2191 727 2251 Codice
754 2191 799 2250 sic
823 2211 885 2250 esse
900 2189 1048 2271 scriptum
1067 2187 1198 2250 videtur.
1243 2189 1319 2248 Cor-

219 2273 317 2334 nelius
335 2275 551 2336 emendandum
569 2277 685 2336 censuit
703 2281 863 2356 sparsione
885 2274 952 2350 sed,
974 2285 1008 2334 ut
1019 2273 1143 2356 opinor,
1163 2274 1245 2334 nihil
1259 2274 1318 2332 im-

218 2360 394 2420 mutandum
410 2369 464 2420 est.
508 2360 682 2440 [Dubitebet
694 2360 860 2440 Cornelius,
880 2369 982 2419 utrum
999 2360 1136 2440 αροτείτω
1151 2353 1234 2443 (sic,
1257 2379 1318 2417 nou

218 2441 377 2526 κροτεῖτω)
393 2454 469 2503 esset
489 2444 523 2504 in
542 2445 668 2521 Codice,
690 2467 728 2504 an
749 2445 898 2527 κρατείτω.
941 2445 1026 2504 Prius
1040 2444 1073 2504 in
1096 2443 1242 2504 contextu
1262 2465 1317 2503 ex-
1388 2501 1389 2510 ,

217 2523 334 2602 tributu
357 2527 515 2607 Pogginius
537 2529 694 2609 posterius.
729 2529 817 2598 Unde
831 2538 971 2612 apparet,
994 2527 1099 2589 iubae
1116 2529 1318 2590 denotatione
1388 2531 1389 2538 ’

218 2613 363 2671 nonnulla
384 2633 447 2673 esse
470 2615 602 2673 confuse.
618 2615 653 2674 F.
670 2613 704 2694 l.]

301 2701 354 2764 99.
378 2694 528 2780 Πατρικός
549 2696 746 2780 ω’πλισμὲαος]
769 2697 924 2758 Cornelius
943 2697 1037 2757 edidit
1058 2703 1223 2780 πατρικῶς,
1246 2719 1317 2758 vcr-

218 2778 324 2859 titque,
342 2802 423 2840 more
430 2785 538 2861 patrie
560 2795 711 2846 armatus.
756 2784 858 2844 Codex
877 2782 966 2842 habet
981 2780 1139 2861 ππρικδς,
1162 2805 1252 2864 quum
1264 2804 1315 2843 vo·

218 2885 282 2922 cem
297 2869 437 2944 patrium
452 2868 579 2925 militem
590 2869 694 2928 Latine
709 2867 837 2944 reddidi,
859 2887 980 2946 eamque
993 2867 1151 2927 lectionem
1168 2889 1203 2929 co
1220 2869 1316 2928 liben-

216 2949 279 3008 tius
292 2953 467 3031 recepimus,
483 2951 565 3030 quod
580 2952 672 3032 magis
687 2973 756 3012 cum
771 2953 906 3031 sequenti
922 2973 1011 3012 versu
1029 2952 1192 3012 cohaereat.
1215 2953 1315 3026 Quum

217 3034 298 3093 enim
321 3033 372 3095 hic
389 3037 470 3095 dicat
481 3036 683 3118 Nicephorus,
706 3037 787 3116 quod
803 3039 926 3118 quisque
941 3037 1072 3116 patrium
1089 3037 1214 3096 militem
1237 3047 1315 3097 sata-

216 3128 268 3196 gat
283 3141 313 3180 se
328 3123 493 3194 ostendere,
509 3121 601 3200 addit,
616 3143 673 3182 nec
685 3122 1015 3182 dedecoretflomsnum
1030 3123 1199 3202 Imperium.
1219 3121 1315 3185 Ὡπλι-

200 3199 326 3280 ’σμένος
345 3225 418 3266 vero
442 3207 555 3266 dictum
579 3217 624 3266 est
638 3206 690 3267 hic
711 3227 768 3287 pro
793 3205 929 3287 ὁπλίτης,
953 3207 1200 3286 quemadmodum
1216 3209 1314 3270 eedem

217 3288 332 3346 ratione
347 3287 419 3364 τούς
436 3291 469 3352 ἐν
493 3286 596 3364 ὅπλοις
614 3293 717 3352 scribit
734 3292 895 3372 aliquando
911 3291 1112 3372 Thucydides.

302 3375 373 3438 101.
397 3371 569 3455 Πηρώσας]
590 3377 648 3436 Hic
671 3377 817 3437 militibus
838 3377 876 3437 ed
899 3379 1109 3438 committenda
1130 3397 1200 3437 cum
1220 3377 1316 3438 bosti-

217 3453 274 3512 bus
294 3456 405 3535 praelia
423 3459 566 3519 allocutio
594 3460 771 3540 Nicephori,
797 3464 874 3522 Csco
889 3482 962 3524 vero
978 3464 1056 3542 opud
1072 3461 1228 3540 Virgilium
1244 3463 1331 3523 Aen·

217 3537 297 3601 Vlll.
317 3559 346 3598 v·
362 3541 434 3608 224.
449 3544 487 3600 ed
506 3539 702 3622 effugiendam
716 3545 852 3606 Herculis
871 3547 946 3606 irem
963 3549 1054 3606 tiator
1071 3545 1196 3606 addidit
1215 3549 1295 3608 alas.

303 3625 373 3691 105·
393 3620 439 3687 Ου’
455 3622 517 3708 μὴν
529 3629 697 3710 παρέργως]
720 3630 870 3691 Virtutem
887 3633 1070 3692 Graecorum
1088 3631 1219 3692 militiam
1234 3634 1316 3713 opti-

217 3725 265 3766 me
285 3706 367 3768 hisce
390 3709 489 3770 verbis
513 3714 656 3792 exprimit
680 3719 777 3793 putta.
822 3717 928 3776 Graeci
947 3717 1026 3776 enim
1048 3717 1212 3798 scriptores
1240 3737 1315 3793 eum,

218 3811 305 3870 quem
322 3793 359 3850 eb
373 3791 458 3854 hoste
471 3806 591 3858 strenue
605 3809 786 3879 pugnantem
804 3802 937 3860 occisum
954 3801 1088 3862 indicare
1100 3803 1218 3878 uolunt,
1233 3802 1317 3884 ἔργον

217 3881 273 3938 τοῦ
296 3879 456 3960 πολεμίου,
479 3880 566 3966 ἔργον
587 3884 734 3964 πολέμου,
756 3882 807 3946 καὶ
832 3887 940 3964 ξίφους
963 3885 1187 3950 dicunt:,senes
1208 3898 1316 3962 uuum,

217 3961 366 4039 mulieres,
390 3963 528 4040 inientes,
551 3977 722 4048 ceterosque
742 3969 885 4047 imbelles,
911 3991 984 4050 quos
998 3971 1094 4032 bostis
1105 3973 1169 4030 sine
1183 3973 1246 4032 ullo
1263 3993 1315 4031 ns·

217 4046 297 4121 gotio
320 4067 355 4138 ac
380 4051 464 4128 quasi
487 4051 570 4110 aliud
590 4073 677 4130 agens
702 4053 862 4133 interficit,
885 4055 913 4114 ei
933 4049 1084 4138 πάρεργον
1106 4058 1200 4118 laetos
1224 4057 1316 4132 aiunt,

217 4130 255 4186 sd
277 4132 375 4191 caedis
401 4134 571 4193 facilitatem
594 4136 831 4214 significandam.
867 4139 911 4200 ltu
938 4141 1019 4200 senio
1043 4143 1213 4202 confectum
1236 4143 1318 4202 Pria-

216 4231 315 4290 mum,
340 4216 412 4276 dum
435 4241 451 4277 ο
473 4219 682 4301 Neoptolemo,
705 4232 827 4284 strenuo
850 4225 980 4304 fortique
1000 4227 1106 4290 iuvene
1125 4227 1241 4288 occisus
1262 4237 1315 4303 est,
