2812 4630
232 258 308 336 666
473 269 513 338 Ν.
533 267 580 336 Μ.
601 265 803 335 FOGGlNll
822 265 1169 334 ADNOTATIONES

193 453 197 462 ·
231 431 266 492 in
279 430 435 492 scn'hendo
446 427 622 490 confuderit
636 426 740 505 ltaque
747 424 876 504 aliquem
887 423 1178 504 potiones-siculum
1189 425 1327 490 interne-

129 522 216 582 eote
232 517 317 577 dium
332 515 464 576 omisisse
481 514 598 574 malinas
615 511 695 590 quod
710 511 827 572 facilius
839 510 957 570 evenire
970 510 1054 573 solet.
1083 511 1178 572 Porro
1196 531 1268 574 curn
1283 515 1329 574 ln.

126 2559 183 2618 cat.
195 2565 211 2620 t

229 603 289 665 lius
306 603 410 662 Caesar
430 602 462 660 in
476 599 562 660 Gonia
578 596 719 677 Pompeii,
734 597 783 656 ubi
800 598 1102 674 Senatum-coegerat,
1119 597 1248 656 nBruto
1265 609 1328 658 ants

230 688 362 748 eiusdem
377 687 508 764 Pompeii
526 693 654 743 statuam
674 683 764 742 suerit
781 680 939 759 perfidiose
954 701 1011 740 con
1014 681 1119 757 f,ossus
1140 683 1328 744 verisimilli-

229 793 312 834 mum
328 791 390 831 esse
410 772 541 845 videtur,
558 767 756 828 'llreodosium
771 767 860 826 huius
874 767 919 824 rei
940 764 1120 842 meminisse,
1143 767 1220 827 adeo
1234 769 1328 828 urdi-

228 859 360 937 xerit,q
361 856 422 916 uod
436 857 546 915 Brutus
563 852 840 931 Pompeiimenibus
854 851 953 927 litans,
977 853 1329 933 Caesarissanguinepu.

229 944 346 1024 gionm
368 939 506 1016 tinxerit,
528 940 577 1000 vel
601 938 674 1018 quid
694 935 805 1012 simile,
825 937 908 1016 qued
931 937 1135 998 commodem
1150 937 1328 1000 intermedie

229 1026 380 1088 versiculo
393 1025 491 1107 pessit
504 1025 609 1106 aptari.

226 1183 228 1188 ,
313 1147 385 1212 223.
407 1138 529 1225 Κράτει]
551 1145 595 1202 lte
608 1139 747 1202 exstatin
763 1140 882 1200 Codice.
898 1140 949 1200 sed
972 1159 1074 1202 errore
1088 1143 1191 1204 forsan
1203 1143 1328 1206 librarii.

230 1230 388 1292 Cornelius
405 1240 576 1311 opportune
590 1227 798 1305 corrigendum
816 1226 971 1286 adnotavit
982 1221 1100 1309 episoc-

315 1355 387 1417 227.
409 1347 523 1426 Δίωνα]
547 1348 609 1407 Cur
623 1347 746 1406 Dionem
771 1345 904 1404 cicadam
926 1365 960 1404 ec
979 1346 1141 1425 sapientem
1158 1348 1260 1427 lyram
1276 1368 1329 1428 sp-

229 1433 331 1517 pellet,
343 1455 406 1494 non
423 1433 497 1493 bene
511 1433 663 1530 intellig03
678 1437 783 1512 potitae
797 1431 876 1490 enim
892 1431 993 1511 potius
1008 1451 1097 1510 quana
1111 1431 1261 1492 historico
1276 1432 1330 1492 hae

229 1519 444 1602 appellationes
470 1519 692 1593 convenissent,
715 1515 773 1576 nisi
799 1516 864 1594 quis
882 1517 967 1576 malit
983 1537 999 1574 a
1017 1515 1185 1576 Theodosio
1205 1520 1328 1578 Dionem

229 1605 273 1664 ita
286 1625 348 1665 esse
362 1603 542 1684 appellatum
559 1611 684 1683 propter
697 1601 760 1661 eius
776 1601 954 1730 singularem
967 1602 1137 1662 facundiam
1152 1603 1329 1682 elegantem-

231 1709 291 1770 que
311 1689 422 1748 stilum.

314 1809 385 1873 231
403 1801 461 1868 Τὸν
473 1827 528 1868 rev
515 1803 709 1884 ‘culmum
725 1803 857 1885 Philippi
869 1803 976 1880 filium,
991 1807 1106 1867 scilicet
1119 1803 1328 1866 Alexandrum

229 1891 384 1968 Magnum,
406 1890 492 1950 cuius
514 1889 606 1950 vitam
627 1911 663 1952 ac
683 1912 731 1952 res
751 1889 787 1950 ab
804 1910 838 1950 eo
858 1891 1010 1972 praeclare
1025 1903 1121 1972 gestae
1137 1892 1263 1974 copiose
1278 1893 1328 1953 de-

229 1975 352 2058 scripsit
373 1975 559 2038 Plutarchus.
666 2048 673 2068 .

450 2364 509 2470 ιΙΝ
531 2361 788 2448 QUARTAM
809 2361 1089 2430 AGROASIM.

312 2533 395 2597 Vers-
418 2543 448 2603 2.
468 2529 518 2599 Ἑν
538 2530 741 2618 παραστάσει]
764 2536 800 2595 ln
824 2536 942 2610 exsilio,
965 2556 1019 2595 sen
1035 2535 1148 2614 procul
1163 2557 1185 2594 a
1197 2539 1325 2616 patria:

228 2641 298 2682 nam
321 2621 401 2681 inter
420 2621 583 2700 plures,q
586 2643 636 2682 usa
654 2621 724 2681 huic
745 2621 815 2679 voci
829 2621 935 2680 Graeci
954 2621 1168 2701 explicationes
1180 2623 1325 2720 tribuere,

228 2727 262 2767 ea
275 2705 477 2787 potissimum,
500 2643 583 2765 licetq
585 2707 682 2766 minus
697 2704 801 2785 obvie,
822 2705 981 2767 Theodosii
999 2727 1116 2766 sensum
1131 2707 1285 2787 exprimit.

251 2823 343 2890 ¹4·
368 2827 500 2902 Xsspoivs
517 2808 635 2910 mallei]
659 2825 787 2884 Graecos
811 2833 914 2885 contre
937 2824 1102 2885 berberos
1092 2847 1124 2884 m
1140 2825 1229 2886 Creta
1243 2827 1325 2886 mili-

226 2920 323 2972 tontes
342 2909 452 2989 frigore
474 2909 547 2969 odeo
567 2890 658 2970 luisse
686 2909 829 2986 nlssictos,
851 2919 887 2970 ut
905 2911 1025 2969 domum
1048 2911 1159 2970 reverti
1173 2914 1326 2990 cogitave-

226 2997 307 3074 rint,
328 3005 393 3056 tum
416 2996 533 3056 Simeon
555 2992 693 3074 Magister
715 3005 744 3054 et
763 2995 958 3073 Logotheta
948 3017 981 3054 rn
1006 2997 1089 3054 Rom.
1106 2995 1171 3054 Iun.
1189 3017 1273 3057 num.
1290 2997 1325 3057 ll.

226 3101 258 3164 Ρ.
269 3045 339 3155 498,
361 3091 426 3140 tum
440 3082 638 3141 Continuator
652 3079 867 3160 Theophanis
858 3103 891 3140 rn
906 3081 1064 3142 Romlun.
1078 3101 1158 3141 rium.
1170 3083 1240 3143 ΧΠ.
1262 3103 1324 3162 pag.

228 3173 300 3234 299.
315 3166 476 3246 scripsere:
502 3177 589 3246 atque
606 3167 632 3225 is
651 3167 771 3246 quidem
788 3165 950 3246 Nicephori
971 3186 1088 3245 quoque
1102 3168 1323 3243 allocutionem,

228 3271 287 3330 qua
303 3252 410 3310 milites
424 3251 562 3328 detinuit,
585 3272 601 3309 s
618 3251 753 3311 Simeone
765 3251 972 3311 tantummodo
987 3251 1158 3327 indicatam,
1179 3251 1326 3331 integram

227 3335 342 3395 recitet.
384 3335 496 3395 Verum
513 3336 694 3396 Theodosius
710 3336 767 3395 hoc
781 3338 909 3396 militum
935 3337 1090 3395 consilium
1114 3347 1143 3396 et
1164 3337 1325 3418 Nicephori

226 3419 438 3480 allocutionem
455 3421 575 3480 omnino
590 3422 721 3498 reticuit,
743 3442 801 3501 qua
814 3423 846 3479 in
861 3443 893 3481 re
908 3433 976 3481 cum
990 3423 1085 3480 Leone
1100 3421 1233 3482 Diacono
1250 3443 1325 3482 con·
1384 3483 1386 3488 ,

225 3503 316 3564 sentit
316 3503 400 3584 „qui
417 3515 563 3583 quantum
579 3527 617 3566 ex
629 3508 690 3567 eius
706 3508 853 3587 excerptis
872 3507 969 3586 colligi
988 3517 1091 3606 potest
1101 3508 1181 3588 apud
1201 3509 1326 3588 Pagium

224 3589 297 3651 ibid
316 3611 383 3671 psg.
400 3592 479 3668 875,
501 3591 558 3650 id
547 3613 647 3673 ipsum
663 3612 891 3652 commemorare
906 3591 1116 3670 praetermisit.

224 3705 580 3860 A117·ssdlnppppoitlesc
604 3703 734 3790 sinoce]
764 3711 854 3790 Vide,
888 3732 964 3790 quae
988 3710 1126 3792 superius
1151 3712 1326 3774 notavimus

253 3814 295 3857 cr.
345 3815 386 3855 ,ν

309 3907 579 3994 d’Egetehdmc]
599 3913 645 3973 lte
661 3913 738 3973 bene
758 3913 877 3991 Codex,
904 3935 965 3974 non
985 3912 1167 3994 ἒξελθὲντες,
1198 3925 1235 3977 ut
1253 3916 1327 3996 legit

225 3958 390 4078 Cornelius,
414 4019 465 4080 qur
458 3999 548 4060 ideo
562 4019 683 4060 versum
695 3999 913 4059 claudicantem
930 4001 1032 4060 edidit.

310 4117 361 4185 14.
382 4116 536 4217 Acyueiv]
559 4117 609 4176 Sic
624 4138 662 4178 ex
680 4118 790 4179 Codice
807 4118 948 4182 restitue·
972 4122 1113 4204 atteyoiv
1127 4121 1207 4183 forte
1222 4139 1327 4182 errore

226 4201 438 4284 typographi'
428 4223 462 4264 us
484 4203 646 4268 editionem
663 4203 822 4266 Cornelii
812 4205 942 4288 arrepsit
