<?xml version="1.0" encoding="UTF-8"?>
<!DOCTYPE html PUBLIC "-//W3C//DTD XHTML 1.0 Transitional//EN"
    "http://www.w3.org/TR/xhtml1/DTD/xhtml1-transitional.dtd">
<html xmlns="http://www.w3.org/1999/xhtml" xml:lang="en" lang="en">
 <head>
  <title>
</title>
<meta http-equiv="Content-Type" content="text/html;charset=utf-8" />
  <meta name='ocr-system' content='tesseract 3.04.00' />
  <meta name='ocr-capabilities' content='ocr_page ocr_carea ocr_par ocr_line ocrx_word'/>
</head>
<body>
  <div class='ocr_page' id='page_1' title='image "./leonisdiaconica00theogoog_0569.png"; bbox 0 0 2802 4624; ppageno 0'>
   <div class='ocr_carea' id='block_1_1' title="bbox 340 293 1180 368">
    <p class='ocr_par' dir='ltr' id='par_1_1' title="bbox 340 293 1180 368">
     <span class='ocr_line' id='line_1_1' title="bbox 340 293 1180 368; baseline 0 0"><span class='ocrx_word' id='word_1_1' title='bbox 340 301 386 368; x_wconf 88' lang='lat' dir='ltr'><em>IN</em></span> <span class='ocrx_word' id='word_1_2' title='bbox 406 299 562 368; x_wconf 87' lang='lat' dir='ltr'><strong>LEONIS</strong></span> <span class='ocrx_word' id='word_1_3' title='bbox 584 297 767 368; x_wconf 87' lang='lat' dir='ltr'>DIACONI</span> <span class='ocrx_word' id='word_1_4' title='bbox 787 299 867 368; x_wconf 85' lang='lat' dir='ltr'><strong>LIB.</strong></span> <span class='ocrx_word' id='word_1_5' title='bbox 892 300 933 367; x_wconf 93' lang='lat' dir='ltr'><em>X.</em></span> <span class='ocrx_word' id='word_1_6' title='bbox 1104 293 1180 368; x_wconf 78' lang='lat'><em>509</em></span> 
     </span>
    </p>
   </div>
   <div class='ocr_carea' id='block_1_2' title="bbox 88 451 1183 730">
    <p class='ocr_par' dir='ltr' id='par_1_2' title="bbox 88 451 1183 710">
     <span class='ocr_line' id='line_1_2' title="bbox 88 451 1183 560; baseline 0.004 -40"><span class='ocrx_word' id='word_1_7' title='bbox 88 479 139 534; x_wconf 88' lang='grc' dir='ltr'><em>το,</em></span> <span class='ocrx_word' id='word_1_8' title='bbox 161 454 221 538; x_wconf 82' lang='grc' dir='ltr'><em>ἤδη</em></span> <span class='ocrx_word' id='word_1_9' title='bbox 236 452 340 522; x_wconf 76' lang='grc' dir='ltr'><strong><em>λοιπὸν</em></strong></span> <span class='ocrx_word' id='word_1_10' title='bbox 353 451 535 536; x_wconf 76' lang='grc' dir='ltr'><strong><em>φθάσαντας</em></strong></span> <span class='ocrx_word' id='word_1_11' title='bbox 545 479 582 542; x_wconf 80' lang='grc' dir='ltr'><em>τη</em></span> <span class='ocrx_word' id='word_1_12' title='bbox 572 455 741 541; x_wconf 81' lang='grc' dir='ltr'><strong><em>μανία</em></strong></span> <span class='ocrx_word' id='word_1_13' title='bbox 703 479 758 536; x_wconf 88' lang='grc' dir='ltr'><em>της</em></span> <span class='ocrx_word' id='word_1_14' title='bbox 768 453 992 560; x_wconf 86' lang='grc' dir='ltr'><strong><em>θηριωδίας’</em></strong></span> <span class='ocrx_word' id='word_1_15' title='bbox 951 463 1053 522; x_wconf 77' lang='grc' dir='ltr'><strong><em>αυτοῖν</em></strong></span> <span class='ocrx_word' id='word_1_16' title='bbox 1065 459 1117 523; x_wconf 88' lang='grc' dir='ltr'><strong><em>ιιαί</em></strong></span> <span class='ocrx_word' id='word_1_17' title='bbox 1129 459 1183 542; x_wconf 75' lang='grc' dir='ltr'><em>μί-</em></span> 
     </span>
     <span class='ocr_line' id='line_1_3' title="bbox 88 538 1180 649; baseline 0.004 -45"><span class='ocrx_word' id='word_1_18' title='bbox 88 567 135 623; x_wconf 78' lang='grc' dir='ltr'><em>ηρι</em></span> <span class='ocrx_word' id='word_1_19' title='bbox 152 547 208 606; x_wconf 79' lang='grc' dir='ltr'><em>τοῦ</em></span> <span class='ocrx_word' id='word_1_20' title='bbox 229 545 391 649; x_wconf 81' lang='grc' dir='ltr'><strong><em>σεβασμίου</em></strong></span> <span class='ocrx_word' id='word_1_21' title='bbox 409 541 550 646; x_wconf 73' lang='grc' dir='ltr'><strong><em>τεμένους</em></strong></span> <span class='ocrx_word' id='word_1_22' title='bbox 564 545 626 604; x_wconf 74' lang='grc' dir='ltr'><strong><em>ταῖν</em></strong></span> <span class='ocrx_word' id='word_1_23' title='bbox 645 546 736 622; x_wconf 82' lang='grc' dir='ltr'><strong><em>τριιδν</em></strong></span> <span class='ocrx_word' id='word_1_24' title='bbox 753 541 847 626; x_wconf 84' lang='grc' dir='ltr'><strong><em>αγίιον</em></strong></span> <span class='ocrx_word' id='word_1_25' title='bbox 862 538 1036 644; x_wconf 75' lang='grc' dir='ltr'><strong><em>μαρτύριον,</em></strong></span> <span class='ocrx_word' id='word_1_26' title='bbox 1059 542 1180 648; x_wconf 80' lang='grc' dir='ltr'><strong><em>Χιόνης,</em></strong></span> 
     </span>
     <span class='ocr_line' id='line_1_4' title="bbox 88 621 1182 730; baseline 0.003 -40"><span class='ocrx_word' id='word_1_27' title='bbox 88 622 227 730; x_wconf 75' lang='grc' dir='ltr'><strong><em>Εἰρήνης</em></strong></span> <span class='ocrx_word' id='word_1_28' title='bbox 247 627 299 690; x_wconf 79' lang='grc' dir='ltr'><em>καί</em></span> <span class='ocrx_word' id='word_1_29' title='bbox 316 621 456 710; x_wconf 77' lang='grc' dir='ltr'><strong><em>Ἀγιίπης.</em></strong></span> <span class='ocrx_word' id='word_1_30' title='bbox 496 621 612 708; x_wconf 82' lang='grc' dir='ltr'><strong><em>Ὅπερ,</em></strong></span> <span class='ocrx_word' id='word_1_31' title='bbox 642 625 718 699; x_wconf 70' lang='lat' dir='ltr'><em>etet</em></span> <span class='ocrx_word' id='word_1_32' title='bbox 717 645 780 701; x_wconf 86' lang='grc' dir='ltr'><strong><em>στε,</em></strong></span> <span class='ocrx_word' id='word_1_33' title='bbox 810 622 982 708; x_wconf 72' lang='grc' dir='ltr'><strong><em>βραχυτάτῳ</em></strong></span> <span class='ocrx_word' id='word_1_34' title='bbox 1007 625 1182 710; x_wconf 76' lang='grc' dir='ltr'><strong><em>διαστήματι</em></strong></span> 
     </span>
    </p>
   </div>
   <div class='ocr_carea' id='block_1_3' title="bbox 13 706 1273 4122">
    <p class='ocr_par' dir='ltr' id='par_1_3' title="bbox 13 706 1273 4110">
     <span class='ocr_line' id='line_1_5' title="bbox 87 706 1209 822; baseline 0.004 -48"><span class='ocrx_word' id='word_1_35' title='bbox 87 718 142 775; x_wconf 85' lang='grc' dir='ltr'><em>τοῦ</em></span> <span class='ocrx_word' id='word_1_36' title='bbox 159 717 214 790; x_wconf 79' lang='grc' dir='ltr'><em>τῆς</em></span> <span class='ocrx_word' id='word_1_37' title='bbox 228 706 343 786; x_wconf 79' lang='grc' dir='ltr'><strong><em>πόλεως</em></strong></span> <span class='ocrx_word' id='word_1_38' title='bbox 358 713 471 815; x_wconf 79' lang='grc' dir='ltr'><strong><em>τείχους</em></strong></span> <span class='ocrx_word' id='word_1_39' title='bbox 487 707 642 815; x_wconf 75' lang='grc' dir='ltr'><strong><em>ιίφίστηιιε</em></strong></span> <span class='ocrx_word' id='word_1_40' title='bbox 686 711 748 772; x_wconf 88' lang='grc' dir='ltr'><em>Καί</em></span> <span class='ocrx_word' id='word_1_41' title='bbox 764 708 802 794; x_wconf 89' lang='grc' dir='ltr'><em>δη</em></span> <span class='ocrx_word' id='word_1_42' title='bbox 818 712 901 793; x_wconf 77' lang='grc' dir='ltr'><strong><em>μέχρι</em></strong></span> <span class='ocrx_word' id='word_1_43' title='bbox 913 719 1078 776; x_wconf 66' lang='grc' dir='ltr'><strong><em>πολλου</em></strong></span> <span class='ocrx_word' id='word_1_44' title='bbox 1039 739 1094 796; x_wconf 88' lang='grc' dir='ltr'><em>της</em></span> <span class='ocrx_word' id='word_1_45' title='bbox 1108 715 1177 822; x_wconf 81' lang='grc' dir='ltr'><strong><em>ημί-</em></strong></span> <span class='ocrx_word' id='word_1_46' title='bbox 1183 723 1209 778; x_wconf 86' lang='lat' dir='ltr'>D</span> 
     </span>
     <span class='ocr_line' id='line_1_6' title="bbox 87 787 1183 896; baseline 0.004 -38"><span class='ocrx_word' id='word_1_47' title='bbox 87 821 143 876; x_wconf 86' lang='grc' dir='ltr'><strong><em>ρας</em></strong></span> <span class='ocrx_word' id='word_1_48' title='bbox 156 789 447 896; x_wconf 75' lang='grc' dir='ltr'><strong><em>ρυρρίηγνυμὲνων’</em></strong></span> <span class='ocrx_word' id='word_1_49' title='bbox 428 795 604 876; x_wconf 84' lang='grc' dir='ltr'><strong><em>αμφοτὲρτον</em></strong></span> <span class='ocrx_word' id='word_1_50' title='bbox 620 787 775 896; x_wconf 80' lang='grc' dir='ltr'><strong><em>οἷίλήίοις,</em></strong></span> <span class='ocrx_word' id='word_1_51' title='bbox 797 795 917 870; x_wconf 76' lang='grc' dir='ltr'><strong><em>κοίτας</em></strong></span> <span class='ocrx_word' id='word_1_52' title='bbox 932 792 1048 874; x_wconf 72' lang='grc' dir='ltr'><strong><em>διώξεις</em></strong></span> <span class='ocrx_word' id='word_1_53' title='bbox 1062 823 1114 862; x_wconf 88' lang='grc' dir='ltr'><strong><em>ιιαι</em></strong></span> <span class='ocrx_word' id='word_1_54' title='bbox 1129 824 1183 874; x_wconf 89' lang='grc' dir='ltr'><em>τας</em></span> 
     </span>
     <span class='ocr_line' id='line_1_7' title="bbox 86 874 1182 992; baseline 0.005 -49"><span class='ocrx_word' id='word_1_55' title='bbox 86 879 210 958; x_wconf 80' lang='grc' dir='ltr'><strong><em>τίφίσεις</em></strong></span> <span class='ocrx_word' id='word_1_56' title='bbox 223 875 491 960; x_wconf 79' lang='grc' dir='ltr'><strong><em>ἐπικινδυνοίτερον</em></strong></span> <span class='ocrx_word' id='word_1_57' title='bbox 503 881 582 944; x_wconf 86' lang='grc' dir='ltr'><em>οί</em></span> <span class='ocrx_word' id='word_1_58' title='bbox 544 904 598 959; x_wconf 88' lang='grc' dir='ltr'><em>της</em></span> <span class='ocrx_word' id='word_1_59' title='bbox 616 874 731 956; x_wconf 75' lang='grc' dir='ltr'><strong><em>πόλεως</em></strong></span> <span class='ocrx_word' id='word_1_60' title='bbox 744 885 772 956; x_wconf 73' lang='lat' dir='ltr'><em>*J</em></span> <span class='ocrx_word' id='word_1_61' title='bbox 792 878 1113 992; x_wconf 60' lang='grc' dir='ltr'><strong><em>στρατοποιησοίμενοι,</em></strong></span> <span class='ocrx_word' id='word_1_62' title='bbox 1130 881 1182 948; x_wconf 81' lang='grc' dir='ltr'><em>διδ</em></span> 
     </span>
     <span class='ocr_line' id='line_1_8' title="bbox 87 959 1182 1072; baseline 0.003 -43"><span class='ocrx_word' id='word_1_63' title='bbox 87 963 121 1030; x_wconf 90' lang='grc' dir='ltr'><em>τδ</em></span> <span class='ocrx_word' id='word_1_64' title='bbox 135 989 249 1038; x_wconf 91' lang='grc' dir='ltr'><strong><em>παντος</em></strong></span> <span class='ocrx_word' id='word_1_65' title='bbox 265 970 320 1028; x_wconf 82' lang='grc' dir='ltr'><em>τοῦ</em></span> <span class='ocrx_word' id='word_1_66' title='bbox 334 969 395 1027; x_wconf 69' lang='grc' dir='ltr'><strong><em>τοῖν</em></strong></span> <span class='ocrx_word' id='word_1_67' title='bbox 413 959 597 1045; x_wconf 77' lang='grc' dir='ltr'><strong><em>Σκίαβήναν</em></strong></span> <span class='ocrx_word' id='word_1_68' title='bbox 613 964 722 1040; x_wconf 72' lang='grc' dir='ltr'><strong><em>ἔθνους</em></strong></span> <span class='ocrx_word' id='word_1_69' title='bbox 735 990 768 1030; x_wconf 89' lang='grc' dir='ltr'><em>το</em></span> <span class='ocrx_word' id='word_1_70' title='bbox 759 962 967 1030; x_wconf 79' lang='lat' dir='ltr'><em>luitemov”</em></span> <span class='ocrx_word' id='word_1_71' title='bbox 946 975 1062 1072; x_wconf 70' lang='lat' dir='ltr'><em>arboe,</em></span> <span class='ocrx_word' id='word_1_72' title='bbox 1083 967 1125 1042; x_wconf 81' lang='grc' dir='ltr'><em>τίς</em></span> <span class='ocrx_word' id='word_1_73' title='bbox 1137 969 1182 1032; x_wconf 78' lang='grc' dir='ltr'><em>τί·</em></span> 
     </span>
     <span class='ocr_line' id='line_1_9' title="bbox 88 1044 1181 1159; baseline 0.007 -49"><span class='ocrx_word' id='word_1_74' title='bbox 88 1073 191 1149; x_wconf 79' lang='grc' dir='ltr'><strong><em>ρηται,</em></strong></span> <span class='ocrx_word' id='word_1_75' title='bbox 213 1073 285 1123; x_wconf 87' lang='grc' dir='ltr'><strong><em>τους</em></strong></span> <span class='ocrx_word' id='word_1_76' title='bbox 297 1044 571 1132; x_wconf 81' lang='grc' dir='ltr'><strong><em>οἷντιπιιρατασσομί</em></strong></span> <span class='ocrx_word' id='word_1_77' title='bbox 571 1074 643 1124; x_wconf 89' lang='grc' dir='ltr'><strong><em>νους</em></strong></span> <span class='ocrx_word' id='word_1_78' title='bbox 654 1051 886 1155; x_wconf 76' lang='grc' dir='ltr'><strong><em>καθεστηκέναι·</em></strong></span> <span class='ocrx_word' id='word_1_79' title='bbox 907 1047 1062 1159; x_wconf 70' lang='lat' dir='ltr'><em>eltoc,&#39;</em></span> <span class='ocrx_word' id='word_1_80' title='bbox 1022 1058 1116 1134; x_wconf 82' lang='grc' dir='ltr'><strong><em>ουτῆς</em></strong></span> <span class='ocrx_word' id='word_1_81' title='bbox 1127 1078 1181 1119; x_wconf 92' lang='grc' dir='ltr'><em>του</em></span> 
     </span>
     <span class='ocr_line' id='line_1_10' title="bbox 88 1129 1182 1244; baseline 0.006 -48"><span class='ocrx_word' id='word_1_82' title='bbox 88 1129 238 1216; x_wconf 76' lang='grc' dir='ltr'><strong><em>μάρτυρος</em></strong></span> <span class='ocrx_word' id='word_1_83' title='bbox 250 1159 305 1216; x_wconf 88' lang='grc' dir='ltr'><em>της</em></span> <span class='ocrx_word' id='word_1_84' title='bbox 320 1135 487 1210; x_wconf 70' lang='grc' dir='ltr'><strong><em>ἐπιστασίας</em></strong></span> <span class='ocrx_word' id='word_1_85' title='bbox 500 1135 706 1216; x_wconf 78' lang='grc' dir='ltr'><strong><em>ἐπιφανείσης,</em></strong></span> <span class='ocrx_word' id='word_1_86' title='bbox 719 1130 896 1244; x_wconf 79' lang='grc' dir='ltr'><strong><em>α’πεδιυίχθη</em></strong></span> <span class='ocrx_word' id='word_1_87' title='bbox 910 1161 942 1198; x_wconf 89' lang='grc' dir='ltr'><em>το</em></span> <span class='ocrx_word' id='word_1_88' title='bbox 934 1131 1163 1221; x_wconf 80' lang='grc' dir='ltr'><strong><em>βοίρβοιρον’</em></strong></span> <span class='ocrx_word' id='word_1_89' title='bbox 1123 1163 1182 1202; x_wconf 91' lang='grc' dir='ltr'><em>αυ-</em></span> 
     </span>
     <span class='ocr_line' id='line_1_11' title="bbox 87 1213 1181 1323; baseline 0.005 -41"><span class='ocrx_word' id='word_1_90' title='bbox 87 1225 142 1298; x_wconf 67' lang='lat' dir='ltr'><em>eric</em></span> <span class='ocrx_word' id='word_1_91' title='bbox 153 1217 264 1321; x_wconf 85' lang='grc' dir='ltr'><strong><em>ημίρας</em></strong></span> <span class='ocrx_word' id='word_1_92' title='bbox 276 1222 416 1306; x_wconf 72' lang='grc' dir='ltr'><strong><em>τοῖντῇδε</em></strong></span> <span class='ocrx_word' id='word_1_93' title='bbox 432 1243 540 1302; x_wconf 82' lang='grc' dir='ltr'><strong><em>μερων,</em></strong></span> <span class='ocrx_word' id='word_1_94' title='bbox 532 1219 750 1322; x_wconf 60' lang='grc' dir='ltr'><em>ξυποχωρησοιι</em></span> <span class='ocrx_word' id='word_1_95' title='bbox 763 1213 839 1306; x_wconf 82' lang='grc' dir='ltr'><strong><em>ηπερ</em></strong></span> <span class='ocrx_word' id='word_1_96' title='bbox 855 1221 1045 1323; x_wconf 69' lang='grc' dir='ltr'><em>είσὲβαίε**)</em></span> <span class='ocrx_word' id='word_1_97' title='bbox 1068 1221 1181 1287; x_wconf 83' lang='grc' dir='ltr'><em>Καί</em></span> <span class='ocrx_word' id='word_1_98' title='bbox 1144 1248 1181 1288; x_wconf 84' lang='grc' dir='ltr'><em>τα</em></span> 
     </span>
     <span class='ocr_line' id='line_1_12' title="bbox 88 1299 1184 1404; baseline 0.005 -39"><span class='ocrx_word' id='word_1_99' title='bbox 88 1302 144 1404; x_wconf 83' lang='grc' dir='ltr'><strong><em>μίν</em></strong></span> <span class='ocrx_word' id='word_1_100' title='bbox 157 1310 211 1386; x_wconf 80' lang='grc' dir='ltr'><em>τῆς</em></span> <span class='ocrx_word' id='word_1_101' title='bbox 225 1299 292 1367; x_wconf 83' lang='grc' dir='ltr'><strong><em>τότε</em></strong></span> <span class='ocrx_word' id='word_1_102' title='bbox 308 1304 505 1387; x_wconf 73' lang='grc' dir='ltr'><strong><em>γεηενημίνης</em></strong></span> <span class='ocrx_word' id='word_1_103' title='bbox 520 1299 746 1382; x_wconf 82' lang='grc' dir='ltr'><strong><em>ιίπροσδοιιητου</em></strong></span> <span class='ocrx_word' id='word_1_104' title='bbox 762 1305 813 1367; x_wconf 82' lang='grc' dir='ltr'><em>καί</em></span> <span class='ocrx_word' id='word_1_105' title='bbox 832 1301 1006 1387; x_wconf 75' lang='grc' dir='ltr'><strong><em>θηριώδους</em></strong></span> <span class='ocrx_word' id='word_1_106' title='bbox 1021 1305 1184 1388; x_wconf 68' lang='grc' dir='ltr'><strong><em>ἐπιδρομῆς</em></strong></span> 
     </span>
     <span class='ocr_line' id='line_1_13' title="bbox 89 1389 1184 1469; baseline -0.002 -17"><span class='ocrx_word' id='word_1_107' title='bbox 89 1413 169 1452; x_wconf 88' lang='grc' dir='ltr'><strong><em>ουτα</em></strong></span> <span class='ocrx_word' id='word_1_108' title='bbox 179 1391 380 1469; x_wconf 77' lang='grc' dir='ltr'><strong><em>συνετελέσθη.</em></strong></span> <span class='ocrx_word' id='word_1_109' title='bbox 402 1389 439 1450; x_wconf 86' lang='grc' dir='ltr'><em>Η.</em></span> <span class='ocrx_word' id='word_1_110' title='bbox 454 1411 478 1452; x_wconf 82' lang='lat' dir='ltr'><em>e.</em></span> <span class='ocrx_word' id='word_1_111' title='bbox 490 1423 533 1436; x_wconf 94' lang='lat'><em>-</em></span> <span class='ocrx_word' id='word_1_112' title='bbox 547 1389 790 1469; x_wconf 80' lang='lat' dir='ltr'><em>Triumpleatoru</em></span> <span class='ocrx_word' id='word_1_113' title='bbox 801 1391 898 1448; x_wconf 78' lang='lat' dir='ltr'><em>leuiue</em></span> <span class='ocrx_word' id='word_1_114' title='bbox 911 1401 938 1448; x_wconf 91' lang='lat' dir='ltr'><em>et</em></span> <span class='ocrx_word' id='word_1_115' title='bbox 952 1393 1072 1450; x_wconf 75' lang='lat' dir='ltr'><em>cititati</em></span> <span class='ocrx_word' id='word_1_116' title='bbox 1087 1391 1184 1452; x_wconf 89' lang='lat' dir='ltr'><em>dediti</em></span> 
     </span>
     <span class='ocr_line' id='line_1_14' title="bbox 89 1473 1184 1556; baseline 0.002 -22"><span class='ocrx_word' id='word_1_117' title='bbox 89 1478 233 1553; x_wconf 78' lang='lat' dir='ltr'><em>martyrio</em></span> <span class='ocrx_word' id='word_1_118' title='bbox 250 1477 398 1534; x_wconf 79' lang='lat' dir='ltr'><em>Demetrii</em></span> <span class='ocrx_word' id='word_1_119' title='bbox 415 1473 621 1552; x_wconf 81' lang='lat' dir='ltr'><em>diemseetum</em></span> <span class='ocrx_word' id='word_1_120' title='bbox 635 1475 745 1556; x_wconf 81' lang='lat' dir='ltr'><em>agebat</em></span> <span class='ocrx_word' id='word_1_121' title='bbox 763 1478 846 1554; x_wconf 80' lang='lat' dir='ltr'><em>regio</em></span> <span class='ocrx_word' id='word_1_122' title='bbox 861 1478 974 1548; x_wconf 74' lang='lat' dir='ltr'><em>omnic,</em></span> <span class='ocrx_word' id='word_1_123' title='bbox 997 1487 1032 1534; x_wconf 93' lang='lat' dir='ltr'><em>ut</em></span> <span class='ocrx_word' id='word_1_124' title='bbox 1053 1498 1184 1536; x_wconf 75' lang='lat' dir='ltr'><em>contue-</em></span> 
     </span>
     <span class='ocr_line' id='line_1_15' title="bbox 15 1559 1185 1635; baseline 0.003 -17"><span class='ocrx_word' id='word_1_125' title='bbox 15 1587 16 1592; x_wconf 39' lang='lat'>1</span> <span class='ocrx_word' id='word_1_126' title='bbox 87 1571 155 1635; x_wconf 90' lang='lat' dir='ltr'><em>rot,</em></span> <span class='ocrx_word' id='word_1_127' title='bbox 183 1559 231 1618; x_wconf 85' lang='lat' dir='ltr'><em>die</em></span> <span class='ocrx_word' id='word_1_128' title='bbox 245 1581 344 1623; x_wconf 74' lang='lat' dir='ltr'><em>xxrr.</em></span> <span class='ocrx_word' id='word_1_129' title='bbox 365 1564 475 1620; x_wconf 72' lang='lat' dir='ltr'><em>mencio</em></span> <span class='ocrx_word' id='word_1_130' title='bbox 491 1561 637 1621; x_wconf 71' lang='lat' dir='ltr'><em>Octobris.</em></span> <span class='ocrx_word' id='word_1_131' title='bbox 680 1561 731 1622; x_wconf 91' lang='lat' dir='ltr'><em>lta</em></span> <span class='ocrx_word' id='word_1_132' title='bbox 744 1582 813 1619; x_wconf 88' lang='lat' dir='ltr'><em>curn</em></span> <span class='ocrx_word' id='word_1_133' title='bbox 830 1583 929 1619; x_wconf 72' lang='lat' dir='ltr'><em>onmes</em></span> <span class='ocrx_word' id='word_1_134' title='bbox 950 1561 1162 1621; x_wconf 87' lang='lat' dir='ltr'><em>laetarentur</em></span> <span class='ocrx_word' id='word_1_135' title='bbox 1150 1583 1185 1621; x_wconf 87' lang='lat' dir='ltr'><em>m</em></span> 
     </span>
     <span class='ocr_line' id='line_1_16' title="bbox 87 1645 1185 1726; baseline 0 -22"><span class='ocrx_word' id='word_1_136' title='bbox 87 1647 225 1725; x_wconf 76' lang='lat' dir='ltr'><em>Spiritu,</em></span> <span class='ocrx_word' id='word_1_137' title='bbox 249 1645 334 1725; x_wconf 89' lang='lat' dir='ltr'><em>quod</em></span> <span class='ocrx_word' id='word_1_138' title='bbox 354 1647 505 1725; x_wconf 77' lang='lat' dir='ltr'><em>implereet</em></span> <span class='ocrx_word' id='word_1_139' title='bbox 522 1648 678 1705; x_wconf 72' lang='lat' dir='ltr'><em>Dominae</em></span> <span class='ocrx_word' id='word_1_140' title='bbox 692 1668 797 1726; x_wconf 79' lang='lat' dir='ltr'><em>precer</em></span> <span class='ocrx_word' id='word_1_141' title='bbox 817 1667 972 1704; x_wconf 78' lang='lat' dir='ltr'><em>ceruorum</em></span> <span class='ocrx_word' id='word_1_142' title='bbox 990 1649 1104 1726; x_wconf 79' lang='lat' dir='ltr'><em>epeiue,</em></span> <span class='ocrx_word' id='word_1_143' title='bbox 1132 1645 1185 1704; x_wconf 90' lang='lat' dir='ltr'><em>di-</em></span> 
     </span>
     <span class='ocr_line' id='line_1_17' title="bbox 83 1729 1186 1812; baseline 0.003 -24"><span class='ocrx_word' id='word_1_144' title='bbox 83 1752 222 1810; x_wconf 77' lang='lat' dir='ltr'><em>gnocque</em></span> <span class='ocrx_word' id='word_1_145' title='bbox 248 1729 383 1790; x_wconf 81' lang='lat' dir='ltr'><em>duxieoet</em></span> <span class='ocrx_word' id='word_1_146' title='bbox 406 1753 455 1790; x_wconf 78' lang='grc' dir='ltr'><em>τοο</em></span> <span class='ocrx_word' id='word_1_147' title='bbox 474 1735 585 1812; x_wconf 87' lang='lat' dir='ltr'><em>gratia</em></span> <span class='ocrx_word' id='word_1_148' title='bbox 606 1734 772 1810; x_wconf 75' lang='lat' dir='ltr'><em>Martyris,</em></span> <span class='ocrx_word' id='word_1_149' title='bbox 794 1733 856 1790; x_wconf 89' lang='lat' dir='ltr'><em>late</em></span> <span class='ocrx_word' id='word_1_150' title='bbox 869 1733 951 1808; x_wconf 70' lang='lat' dir='ltr'><em>suaa</em></span> <span class='ocrx_word' id='word_1_151' title='bbox 965 1753 1061 1811; x_wconf 89' lang='lat' dir='ltr'><em>pace,</em></span> <span class='ocrx_word' id='word_1_152' title='bbox 1083 1735 1130 1790; x_wconf 85' lang='lat' dir='ltr'><em>ita</em></span> <span class='ocrx_word' id='word_1_153' title='bbox 1149 1741 1186 1790; x_wconf 91' lang='lat' dir='ltr'><em>ut</em></span> 
     </span>
     <span class='ocr_line' id='line_1_18' title="bbox 86 1814 1273 1896; baseline 0 -22"><span class='ocrx_word' id='word_1_154' title='bbox 86 1837 146 1874; x_wconf 81' lang='lat' dir='ltr'><em>uox</em></span> <span class='ocrx_word' id='word_1_155' title='bbox 160 1815 196 1873; x_wconf 83' lang='lat' dir='ltr'><em>ele</em></span> <span class='ocrx_word' id='word_1_156' title='bbox 209 1816 351 1876; x_wconf 75' lang='lat' dir='ltr'><em>barbarie</em></span> <span class='ocrx_word' id='word_1_157' title='bbox 367 1821 486 1876; x_wconf 88' lang='lat' dir='ltr'><em>omnino</em></span> <span class='ocrx_word' id='word_1_158' title='bbox 507 1839 658 1896; x_wconf 71' lang='lat' dir='ltr'><em>nusquam</em></span> <span class='ocrx_word' id='word_1_159' title='bbox 673 1827 748 1875; x_wconf 88' lang='lat' dir='ltr'><em>tunc</em></span> <span class='ocrx_word' id='word_1_160' title='bbox 762 1814 972 1893; x_wconf 77' lang='lat' dir='ltr'><em>exaudiretur,</em></span> <span class='ocrx_word' id='word_1_161' title='bbox 994 1815 1045 1874; x_wconf 90' lang='lat' dir='ltr'><em>die</em></span> <span class='ocrx_word' id='word_1_162' title='bbox 1053 1817 1184 1893; x_wconf 74' lang='lat' dir='ltr'><em>sectivi·</em></span> <span class='ocrx_word' id='word_1_163' title='bbox 1269 1841 1273 1846; x_wconf 96' lang='lat'>·</span> 
     </span>
     <span class='ocr_line' id='line_1_19' title="bbox 86 1901 1185 1981; baseline 0.002 -23"><span class='ocrx_word' id='word_1_164' title='bbox 86 1903 163 1958; x_wconf 82' lang='lat' dir='ltr'><em>tatic</em></span> <span class='ocrx_word' id='word_1_165' title='bbox 175 1901 287 1978; x_wconf 88' lang='lat' dir='ltr'><em>altero,</em></span> <span class='ocrx_word' id='word_1_166' title='bbox 308 1902 409 1960; x_wconf 82' lang='lat' dir='ltr'><em>cubito</em></span> <span class='ocrx_word' id='word_1_167' title='bbox 424 1901 526 1960; x_wconf 87' lang='lat' dir='ltr'><em>media</em></span> <span class='ocrx_word' id='word_1_168' title='bbox 538 1913 622 1961; x_wconf 86' lang='lat' dir='ltr'><em>nocte</em></span> <span class='ocrx_word' id='word_1_169' title='bbox 640 1923 673 1959; x_wconf 84' lang='lat' dir='ltr'><em>ex</em></span> <span class='ocrx_word' id='word_1_170' title='bbox 688 1901 884 1981; x_wconf 72' lang='lat' dir='ltr'><em>dispositione</em></span> <span class='ocrx_word' id='word_1_171' title='bbox 903 1905 1043 1960; x_wconf 87' lang='lat' dir='ltr'><em>coronati</em></span> <span class='ocrx_word' id='word_1_172' title='bbox 1057 1905 1185 1961; x_wconf 82' lang='lat' dir='ltr'><em>victorie</em></span> 
     </span>
     <span class='ocr_line' id='line_1_20' title="bbox 87 1983 1185 2069; baseline 0.004 -27"><span class='ocrx_word' id='word_1_173' title='bbox 87 1983 150 2064; x_wconf 79' lang='lat' dir='ltr'><em>(cic</em></span> <span class='ocrx_word' id='word_1_174' title='bbox 169 1989 249 2044; x_wconf 87' lang='lat' dir='ltr'><em>euim</em></span> <span class='ocrx_word' id='word_1_175' title='bbox 267 1985 366 2045; x_wconf 81' lang='lat' dir='ltr'><em>dicere</em></span> <span class='ocrx_word' id='word_1_176' title='bbox 378 1989 536 2065; x_wconf 82' lang='lat' dir='ltr'><em>pereuaeit</em></span> <span class='ocrx_word' id='word_1_177' title='bbox 551 1986 629 2044; x_wconf 78' lang='lat' dir='ltr'><em>milei</em></span> <span class='ocrx_word' id='word_1_178' title='bbox 644 1998 763 2044; x_wconf 71' lang='lat' dir='ltr'><em>eventus</em></span> <span class='ocrx_word' id='word_1_179' title='bbox 780 1985 856 2069; x_wconf 88' lang='lat' dir='ltr'><em>rei),</em></span> <span class='ocrx_word' id='word_1_180' title='bbox 879 1989 947 2064; x_wconf 83' lang='lat' dir='ltr'><em>igni</em></span> <span class='ocrx_word' id='word_1_181' title='bbox 962 1999 1128 2066; x_wconf 88' lang='lat' dir='ltr'><em>correptum</em></span> <span class='ocrx_word' id='word_1_182' title='bbox 1141 1998 1185 2046; x_wconf 83' lang='lat' dir='ltr'><em>eet</em></span> 
     </span>
     <span class='ocr_line' id='line_1_21' title="bbox 85 2069 1183 2150; baseline 0.004 -22"><span class='ocrx_word' id='word_1_183' title='bbox 85 2081 227 2128; x_wconf 75' lang='lat' dir='ltr'><em>carectum</em></span> <span class='ocrx_word' id='word_1_184' title='bbox 241 2074 309 2128; x_wconf 74' lang='lat' dir='ltr'><em>eiua</em></span> <span class='ocrx_word' id='word_1_185' title='bbox 323 2071 473 2129; x_wconf 87' lang='lat' dir='ltr'><em>ciborium</em></span> <span class='ocrx_word' id='word_1_186' title='bbox 484 2081 672 2150; x_wconf 84' lang='lat' dir='ltr'><em>argenteum,</em></span> <span class='ocrx_word' id='word_1_187' title='bbox 693 2069 803 2150; x_wconf 84' lang='lat' dir='ltr'><em>dequo</em></span> <span class='ocrx_word' id='word_1_188' title='bbox 817 2092 904 2150; x_wconf 75' lang='lat' dir='ltr'><em>caepe</em></span> <span class='ocrx_word' id='word_1_189' title='bbox 919 2075 1059 2150; x_wconf 80' lang='lat' dir='ltr'><em>euperiuo</em></span> <span class='ocrx_word' id='word_1_190' title='bbox 1070 2093 1183 2132; x_wconf 86' lang='lat' dir='ltr'><em>memo-</em></span> 
     </span>
     <span class='ocr_line' id='line_1_22' title="bbox 86 2153 1184 2234; baseline 0.003 -21"><span class='ocrx_word' id='word_1_191' title='bbox 86 2158 234 2214; x_wconf 74' lang='lat' dir='ltr'><em>ravimus.</em></span> <span class='ocrx_word' id='word_1_192' title='bbox 276 2155 317 2214; x_wconf 87' lang='lat' dir='ltr'><em>Id</em></span> <span class='ocrx_word' id='word_1_193' title='bbox 335 2176 404 2212; x_wconf 90' lang='lat' dir='ltr'><em>cum</em></span> <span class='ocrx_word' id='word_1_194' title='bbox 415 2177 472 2234; x_wconf 85' lang='lat' dir='ltr'><em>per</em></span> <span class='ocrx_word' id='word_1_195' title='bbox 488 2165 585 2214; x_wconf 90' lang='lat' dir='ltr'><em>totam</em></span> <span class='ocrx_word' id='word_1_196' title='bbox 604 2155 706 2214; x_wconf 89' lang='lat' dir='ltr'><em>urbem</em></span> <span class='ocrx_word' id='word_1_197' title='bbox 720 2156 804 2214; x_wconf 86' lang='lat' dir='ltr'><em>brevi</em></span> <span class='ocrx_word' id='word_1_198' title='bbox 814 2153 1066 2234; x_wconf 69' lang='lat' dir='ltr'><em>percrebruisset,</em></span> <span class='ocrx_word' id='word_1_199' title='bbox 1083 2178 1184 2216; x_wconf 69' lang='lat' dir='ltr'><em>onmes</em></span> 
     </span>
     <span class='ocr_line' id='line_1_23' title="bbox 87 2239 1183 2319; baseline 0.002 -21"><span class='ocrx_word' id='word_1_200' title='bbox 87 2242 274 2319; x_wconf 76' lang='lat' dir='ltr'><em>maximeque</em></span> <span class='ocrx_word' id='word_1_201' title='bbox 291 2251 389 2298; x_wconf 86' lang='lat' dir='ltr'><em>aetate</em></span> <span class='ocrx_word' id='word_1_202' title='bbox 407 2243 541 2298; x_wconf 84' lang='lat' dir='ltr'><em>iunioree</em></span> <span class='ocrx_word' id='word_1_203' title='bbox 556 2261 589 2298; x_wconf 89' lang='lat' dir='ltr'><em>eo</em></span> <span class='ocrx_word' id='word_1_204' title='bbox 605 2251 834 2316; x_wconf 84' lang='lat' dir='ltr'><em>concurrerunt,</em></span> <span class='ocrx_word' id='word_1_205' title='bbox 857 2243 911 2319; x_wconf 78' lang='lat' dir='ltr'><em>qui</em></span> <span class='ocrx_word' id='word_1_206' title='bbox 926 2239 962 2298; x_wconf 90' lang='lat' dir='ltr'><em>ob</em></span> <span class='ocrx_word' id='word_1_207' title='bbox 977 2244 1091 2300; x_wconf 74' lang='lat' dir='ltr'><em>uirium</em></span> <span class='ocrx_word' id='word_1_208' title='bbox 1104 2244 1183 2300; x_wconf 87' lang='lat' dir='ltr'><em>inte·</em></span> 
     </span>
     <span class='ocr_line' id='line_1_24' title="bbox 13 2325 1183 2405; baseline 0.001 -21"><span class='ocrx_word' id='word_1_209' title='bbox 13 2371 14 2374; x_wconf 20' lang='lat'>¹</span> <span class='ocrx_word' id='word_1_210' title='bbox 84 2327 234 2405; x_wconf 77' lang='lat' dir='ltr'><em>gritatem</em></span> <span class='ocrx_word' id='word_1_211' title='bbox 246 2325 329 2384; x_wconf 91' lang='lat' dir='ltr'><em>nullo</em></span> <span class='ocrx_word' id='word_1_212' title='bbox 340 2328 459 2404; x_wconf 79' lang='lat' dir='ltr'><em>negotio</em></span> <span class='ocrx_word' id='word_1_213' title='bbox 469 2325 581 2404; x_wconf 84' lang='lat' dir='ltr'><em>pellere</em></span> <span class='ocrx_word' id='word_1_214' title='bbox 594 2345 735 2384; x_wconf 76' lang='lat' dir='ltr'><em>canutum</em></span> <span class='ocrx_word' id='word_1_215' title='bbox 743 2336 882 2404; x_wconf 84' lang='lat' dir='ltr'><em>poeeunt.</em></span> <span class='ocrx_word' id='word_1_216' title='bbox 925 2326 953 2386; x_wconf 90' lang='lat' dir='ltr'><em>Ii</em></span> <span class='ocrx_word' id='word_1_217' title='bbox 966 2345 1037 2383; x_wconf 90' lang='lat' dir='ltr'><em>cum</em></span> <span class='ocrx_word' id='word_1_218' title='bbox 1050 2336 1096 2383; x_wconf 90' lang='lat' dir='ltr'><em>tot</em></span> <span class='ocrx_word' id='word_1_219' title='bbox 1109 2347 1183 2385; x_wconf 87' lang='lat' dir='ltr'><em>eva-</em></span> 
     </span>
     <span class='ocr_line' id='line_1_25' title="bbox 87 2407 1184 2488; baseline 0.003 -21"><span class='ocrx_word' id='word_1_220' title='bbox 87 2409 201 2486; x_wconf 85' lang='lat' dir='ltr'><em>derent,</em></span> <span class='ocrx_word' id='word_1_221' title='bbox 221 2421 255 2468; x_wconf 89' lang='lat' dir='ltr'><em>ut</em></span> <span class='ocrx_word' id='word_1_222' title='bbox 263 2431 343 2488; x_wconf 89' lang='lat' dir='ltr'><em>prae</em></span> <span class='ocrx_word' id='word_1_223' title='bbox 352 2408 550 2470; x_wconf 84' lang='lat' dir='ltr'><em>multitudine</em></span> <span class='ocrx_word' id='word_1_224' title='bbox 563 2413 788 2469; x_wconf 81' lang='lat' dir='ltr'><em>ennctieeimum</em></span> <span class='ocrx_word' id='word_1_225' title='bbox 800 2407 960 2468; x_wconf 84' lang='lat' dir='ltr'><em>delubrum</em></span> <span class='ocrx_word' id='word_1_226' title='bbox 973 2410 1184 2487; x_wconf 67' lang='lat' dir='ltr'><em>obstrueretur,</em></span> 
     </span>
     <span class='ocr_line' id='line_1_26' title="bbox 87 2496 1185 2576; baseline 0 -22"><span class='ocrx_word' id='word_1_227' title='bbox 87 2506 250 2574; x_wconf 80' lang='lat' dir='ltr'><em>argentum</em></span> <span class='ocrx_word' id='word_1_228' title='bbox 270 2517 355 2554; x_wconf 89' lang='lat' dir='ltr'><em>omne</em></span> <span class='ocrx_word' id='word_1_229' title='bbox 370 2498 438 2576; x_wconf 79' lang='lat' dir='ltr'><em>igni</em></span> <span class='ocrx_word' id='word_1_230' title='bbox 462 2496 665 2576; x_wconf 85' lang='lat' dir='ltr'><em>liquefactum</em></span> <span class='ocrx_word' id='word_1_231' title='bbox 680 2517 738 2575; x_wconf 88' lang='lat' dir='ltr'><em>per</em></span> <span class='ocrx_word' id='word_1_232' title='bbox 752 2498 961 2576; x_wconf 81' lang='lat' dir='ltr'><em>pavimentum</em></span> <span class='ocrx_word' id='word_1_233' title='bbox 979 2497 1093 2573; x_wconf 79' lang='lat' dir='ltr'><em>furum</em></span> <span class='ocrx_word' id='word_1_234' title='bbox 1110 2507 1185 2572; x_wconf 88' lang='lat' dir='ltr'><em>erat,</em></span> 
     </span>
     <span class='ocr_line' id='line_1_27' title="bbox 86 2579 1187 2661; baseline 0.002 -23"><span class='ocrx_word' id='word_1_235' title='bbox 86 2601 189 2660; x_wconf 88' lang='lat' dir='ltr'><em>aquae</em></span> <span class='ocrx_word' id='word_1_236' title='bbox 206 2582 285 2639; x_wconf 85' lang='lat' dir='ltr'><em>ritu:</em></span> <span class='ocrx_word' id='word_1_237' title='bbox 307 2579 401 2660; x_wconf 86' lang='lat' dir='ltr'><em>idque</em></span> <span class='ocrx_word' id='word_1_238' title='bbox 420 2579 555 2661; x_wconf 85' lang='lat' dir='ltr'><em>undique</em></span> <span class='ocrx_word' id='word_1_239' title='bbox 569 2581 650 2642; x_wconf 77' lang='lat' dir='ltr'><em>uelut</em></span> <span class='ocrx_word' id='word_1_240' title='bbox 659 2581 848 2660; x_wconf 83' lang='lat' dir='ltr'><em>fluminibue</em></span> <span class='ocrx_word' id='word_1_241' title='bbox 863 2579 1037 2640; x_wconf 87' lang='lat' dir='ltr'><em>inundabat</em></span> <span class='ocrx_word' id='word_1_242' title='bbox 1053 2601 1187 2660; x_wconf 65' lang='lat' dir='ltr'><em>magnus</em></span> 
     </span>
     <span class='ocr_line' id='line_1_28' title="bbox 87 2663 1222 2749; baseline 0.002 -25"><span class='ocrx_word' id='word_1_243' title='bbox 87 2665 308 2746; x_wconf 77' lang='lat' dir='ltr'><em>amphorarum</em></span> <span class='ocrx_word' id='word_1_244' title='bbox 320 2687 474 2726; x_wconf 69' lang='lat' dir='ltr'><em>numerum</em></span> <span class='ocrx_word' id='word_1_245' title='bbox 513 2665 667 2746; x_wconf 81' lang='lat' dir='ltr'><em>Aquibue</em></span> <span class='ocrx_word' id='word_1_246' title='bbox 678 2664 807 2746; x_wconf 62' lang='lat' dir='ltr'><em>denmue</em></span> <span class='ocrx_word' id='word_1_247' title='bbox 819 2669 883 2726; x_wconf 88' lang='lat' dir='ltr'><em>Dei</em></span> <span class='ocrx_word' id='word_1_248' title='bbox 891 2663 1086 2744; x_wconf 77' lang='lat' dir='ltr'><em>providentia</em></span> <span class='ocrx_word' id='word_1_249' title='bbox 1089 2668 1185 2747; x_wconf 79' lang='lat' dir='ltr'><em>flant-</em></span> <span class='ocrx_word' id='word_1_250' title='bbox 1218 2735 1222 2749; x_wconf 37' lang='grc' dir='ltr'><strong><em>Ι</em></strong></span> 
     </span>
     <span class='ocr_line' id='line_1_29' title="bbox 87 2751 1187 2831; baseline -0.001 -20"><span class='ocrx_word' id='word_1_251' title='bbox 87 2773 157 2811; x_wconf 89' lang='lat' dir='ltr'><em>mae</em></span> <span class='ocrx_word' id='word_1_252' title='bbox 184 2762 362 2831; x_wconf 78' lang='lat' dir='ltr'><em>mperatum</em></span> <span class='ocrx_word' id='word_1_253' title='bbox 382 2751 556 2831; x_wconf 87' lang='lat' dir='ltr'><em>periculum</em></span> <span class='ocrx_word' id='word_1_254' title='bbox 580 2763 632 2811; x_wconf 79' lang='lat' dir='ltr'><em>eet.</em></span> <span class='ocrx_word' id='word_1_255' title='bbox 684 2754 754 2811; x_wconf 86' lang='lat' dir='ltr'><em>Non</em></span> <span class='ocrx_word' id='word_1_256' title='bbox 782 2762 903 2810; x_wconf 89' lang='lat' dir='ltr'><em>tantum</em></span> <span class='ocrx_word' id='word_1_257' title='bbox 933 2753 1013 2810; x_wconf 89' lang='lat' dir='ltr'><em>enim</em></span> <span class='ocrx_word' id='word_1_258' title='bbox 1035 2754 1187 2810; x_wconf 76' lang='lat' dir='ltr'><em>anxietate</em></span> 
     </span>
     <span class='ocr_line' id='line_1_30' title="bbox 86 2834 1187 2916; baseline -0.005 -20"><span class='ocrx_word' id='word_1_259' title='bbox 86 2857 191 2896; x_wconf 83' lang='lat' dir='ltr'><em>omnee</em></span> <span class='ocrx_word' id='word_1_260' title='bbox 209 2839 242 2896; x_wconf 90' lang='lat' dir='ltr'><em>in</em></span> <span class='ocrx_word' id='word_1_261' title='bbox 257 2834 490 2915; x_wconf 67' lang='lat' dir='ltr'><em>desperationem</em></span> <span class='ocrx_word' id='word_1_262' title='bbox 503 2840 607 2896; x_wconf 79' lang='lat' dir='ltr'><em>mereit</em></span> <span class='ocrx_word' id='word_1_263' title='bbox 627 2836 737 2896; x_wconf 87' lang='lat' dir='ltr'><em>ciborii</em></span> <span class='ocrx_word' id='word_1_264' title='bbox 749 2836 940 2913; x_wconf 82' lang='lat' dir='ltr'><em>incendium,</em></span> <span class='ocrx_word' id='word_1_265' title='bbox 960 2847 1112 2916; x_wconf 88' lang='lat' dir='ltr'><em>quantum</em></span> <span class='ocrx_word' id='word_1_266' title='bbox 1127 2857 1187 2894; x_wconf 86' lang='lat' dir='ltr'><em>me.</em></span> 
     </span>
     <span class='ocr_line' id='line_1_31' title="bbox 86 2920 1188 3002; baseline -0.001 -21"><span class='ocrx_word' id='word_1_267' title='bbox 86 2935 158 3000; x_wconf 79' lang='lat' dir='ltr'><em>tue,</em></span> <span class='ocrx_word' id='word_1_268' title='bbox 180 2923 359 3001; x_wconf 82' lang='lat' dir='ltr'><em>neflamma</em></span> <span class='ocrx_word' id='word_1_269' title='bbox 374 2923 506 2982; x_wconf 79' lang='lat' dir='ltr'><em>lacurtar</em></span> <span class='ocrx_word' id='word_1_270' title='bbox 520 2923 658 2981; x_wconf 77' lang='lat' dir='ltr'><em>eccleciae</em></span> <span class='ocrx_word' id='word_1_271' title='bbox 675 2925 851 3002; x_wconf 85' lang='lat' dir='ltr'><em>attingeret,</em></span> <span class='ocrx_word' id='word_1_272' title='bbox 873 2920 968 2980; x_wconf 85' lang='lat' dir='ltr'><em>corda</em></span> <span class='ocrx_word' id='word_1_273' title='bbox 985 2924 1188 3001; x_wconf 83' lang='lat' dir='ltr'><em>epectantium</em></span> 
     </span>
     <span class='ocr_line' id='line_1_32' title="bbox 86 2969 1188 3087; baseline -0.004 -19"><span class='ocrx_word' id='word_1_274' title='bbox 86 2969 286 3068; x_wconf 80' lang='lat' dir='ltr'><em>emdeerabat.</em></span> <span class='ocrx_word' id='word_1_275' title='bbox 328 3005 369 3069; x_wconf 87' lang='lat' dir='ltr'><em>Id</em></span> <span class='ocrx_word' id='word_1_276' title='bbox 379 3011 525 3067; x_wconf 86' lang='lat' dir='ltr'><em>nimirum</em></span> <span class='ocrx_word' id='word_1_277' title='bbox 538 3029 606 3066; x_wconf 92' lang='lat' dir='ltr'><em>cum</em></span> <span class='ocrx_word' id='word_1_278' title='bbox 619 3006 779 3066; x_wconf 80' lang='lat' dir='ltr'><em>accidiceet</em></span> <span class='ocrx_word' id='word_1_279' title='bbox 793 3005 901 3087; x_wconf 89' lang='lat' dir='ltr'><em>(timor</em></span> <span class='ocrx_word' id='word_1_280' title='bbox 911 3008 1006 3081; x_wconf 89' lang='lat' dir='ltr'><em>enim,</em></span> <span class='ocrx_word' id='word_1_281' title='bbox 1028 3027 1088 3084; x_wconf 79' lang='lat' dir='ltr'><em>quo</em></span> <span class='ocrx_word' id='word_1_282' title='bbox 1101 3017 1188 3064; x_wconf 70' lang='lat' dir='ltr'><em>mant</em></span> 
     </span>
     <span class='ocr_line' id='line_1_33' title="bbox 82 3090 1189 3173; baseline -0.001 -24"><span class='ocrx_word' id='word_1_283' title='bbox 82 3096 256 3173; x_wconf 85' lang='lat' dir='ltr'><em>perterriti,</em></span> <span class='ocrx_word' id='word_1_284' title='bbox 279 3093 375 3152; x_wconf 70' lang='lat' dir='ltr'><em>subiit</em></span> <span class='ocrx_word' id='word_1_285' title='bbox 395 3093 481 3168; x_wconf 75' lang='lat' dir='ltr'><em>illoc,</em></span> <span class='ocrx_word' id='word_1_286' title='bbox 503 3103 540 3150; x_wconf 86' lang='lat' dir='ltr'><em>ut</em></span> <span class='ocrx_word' id='word_1_287' title='bbox 560 3091 800 3151; x_wconf 68' lang='lat' dir='ltr'><em>demonstratum</em></span> <span class='ocrx_word' id='word_1_288' title='bbox 820 3101 879 3168; x_wconf 75' lang='lat' dir='ltr'><em>eat,</em></span> <span class='ocrx_word' id='word_1_289' title='bbox 901 3090 938 3148; x_wconf 90' lang='lat' dir='ltr'><em>ob</em></span> <span class='ocrx_word' id='word_1_290' title='bbox 951 3092 1089 3168; x_wconf 88' lang='lat' dir='ltr'><em>ferream</em></span> <span class='ocrx_word' id='word_1_291' title='bbox 1115 3111 1189 3170; x_wconf 77' lang='lat' dir='ltr'><em>eque</em></span> 
     </span>
     <span class='ocr_line' id='line_1_34' title="bbox 78 3134 1191 3257; baseline -0.001 -22"><span class='ocrx_word' id='word_1_292' title='bbox 78 3180 220 3257; x_wconf 68' lang='lat' dir='ltr'><em>fastigio</em></span> <span class='ocrx_word' id='word_1_293' title='bbox 240 3177 350 3236; x_wconf 90' lang='lat' dir='ltr'><em>ciborii</em></span> <span class='ocrx_word' id='word_1_294' title='bbox 366 3197 544 3255; x_wconf 65' lang='lat' dir='ltr'><em>suspensam</em></span> <span class='ocrx_word' id='word_1_295' title='bbox 562 3188 715 3254; x_wconf 87' lang='lat' dir='ltr'><em>catenam,</em></span> <span class='ocrx_word' id='word_1_296' title='bbox 736 3174 816 3236; x_wconf 84' lang='lat' dir='ltr'><em>unde</em></span> <span class='ocrx_word' id='word_1_297' title='bbox 828 3134 980 3254; x_wconf 74' lang='lat' dir='ltr'><em>peitdebat</em></span> <span class='ocrx_word' id='word_1_298' title='bbox 992 3195 1045 3234; x_wconf 92' lang='lat' dir='ltr'><em>mu</em></span> <span class='ocrx_word' id='word_1_299' title='bbox 1047 3175 1101 3232; x_wconf 83' lang='lat' dir='ltr'><em>ltie</em></span> <span class='ocrx_word' id='word_1_300' title='bbox 1115 3198 1127 3232; x_wconf 91' lang='grc' dir='ltr'><strong><em>ι</em></strong></span> <span class='ocrx_word' id='word_1_301' title='bbox 1122 3176 1191 3234; x_wconf 86' lang='lat' dir='ltr'><em>tta.</em></span> 
     </span>
     <span class='ocr_line' id='line_1_35' title="bbox 88 3260 1186 3340; baseline -0.003 -20"><span class='ocrx_word' id='word_1_302' title='bbox 88 3266 165 3322; x_wconf 79' lang='lat' dir='ltr'><em>etrie</em></span> <span class='ocrx_word' id='word_1_303' title='bbox 177 3261 346 3321; x_wconf 67' lang='lat' dir='ltr'><em>luminibus</em></span> <span class='ocrx_word' id='word_1_304' title='bbox 357 3273 516 3340; x_wconf 75' lang='lat' dir='ltr'><em>argenteus</em></span> <span class='ocrx_word' id='word_1_305' title='bbox 538 3273 612 3320; x_wconf 90' lang='lat' dir='ltr'><em>tunc</em></span> <span class='ocrx_word' id='word_1_306' title='bbox 623 3263 762 3340; x_wconf 80' lang='lat' dir='ltr'><em>pharue:</em></span> <span class='ocrx_word' id='word_1_307' title='bbox 778 3282 836 3340; x_wconf 87' lang='lat' dir='ltr'><em>per</em></span> <span class='ocrx_word' id='word_1_308' title='bbox 850 3281 952 3340; x_wconf 84' lang='lat' dir='ltr'><em>quem,</em></span> <span class='ocrx_word' id='word_1_309' title='bbox 972 3263 1039 3319; x_wconf 91' lang='lat' dir='ltr'><em>ritu</em></span> <span class='ocrx_word' id='word_1_310' title='bbox 1059 3260 1186 3319; x_wconf 82' lang='lat' dir='ltr'><em>conuol-</em></span> 
     </span>
     <span class='ocr_line' id='line_1_36' title="bbox 88 3345 1187 3428; baseline -0.005 -19"><span class='ocrx_word' id='word_1_311' title='bbox 88 3348 174 3423; x_wconf 74' lang='lat' dir='ltr'><em>vuli,</em></span> <span class='ocrx_word' id='word_1_312' title='bbox 195 3350 326 3408; x_wconf 80' lang='lat' dir='ltr'><em>emicone</em></span> <span class='ocrx_word' id='word_1_313' title='bbox 340 3350 423 3428; x_wconf 68' lang='grc' dir='ltr'><em>ι’,ρπιζι</em></span> <span class='ocrx_word' id='word_1_314' title='bbox 438 3351 587 3426; x_wconf 76' lang='lat' dir='ltr'><em>attingere</em></span> <span class='ocrx_word' id='word_1_315' title='bbox 589 3349 755 3426; x_wconf 79' lang='lat' dir='ltr'><em>sorrtecern,</em></span> <span class='ocrx_word' id='word_1_316' title='bbox 772 3357 800 3404; x_wconf 91' lang='lat' dir='ltr'><em>et</em></span> <span class='ocrx_word' id='word_1_317' title='bbox 817 3345 967 3422; x_wconf 82' lang='lat' dir='ltr'><em>calatleoe,</em></span> <span class='ocrx_word' id='word_1_318' title='bbox 981 3367 1055 3426; x_wconf 85' lang='lat' dir='ltr'><em>quoe</em></span> <span class='ocrx_word' id='word_1_319' title='bbox 1067 3355 1187 3422; x_wconf 76' lang='lat' dir='ltr'><em>uocant,</em></span> 
     </span>
     <span class='ocr_line' id='line_1_37' title="bbox 90 3431 1189 3513; baseline -0.003 -22"><span class='ocrx_word' id='word_1_320' title='bbox 90 3433 246 3492; x_wconf 82' lang='lat' dir='ltr'><em>amburere</em></span> <span class='ocrx_word' id='word_1_321' title='bbox 266 3436 396 3513; x_wconf 88' lang='lat' dir='ltr'><em>coepit).·</em></span> <span class='ocrx_word' id='word_1_322' title='bbox 418 3444 486 3490; x_wconf 90' lang='lat' dir='ltr'><em>tum</em></span> <span class='ocrx_word' id='word_1_323' title='bbox 501 3437 574 3492; x_wconf 74' lang='lat' dir='ltr'><em>&#39;uero</em></span> <span class='ocrx_word' id='word_1_324' title='bbox 595 3433 749 3508; x_wconf 86' lang='lat' dir='ltr'><em>nonnulli,</em></span> <span class='ocrx_word' id='word_1_325' title='bbox 772 3433 856 3489; x_wconf 89' lang='lat' dir='ltr'><em>a&#39;e&#39;rio</em></span> <span class='ocrx_word' id='word_1_326' title='bbox 879 3453 974 3489; x_wconf 87' lang='lat' dir='ltr'><em>cureu</em></span> <span class='ocrx_word' id='word_1_327' title='bbox 992 3431 1117 3512; x_wconf 80' lang='lat' dir='ltr'><em>agiliter</em></span> <span class='ocrx_word' id='word_1_328' title='bbox 1130 3450 1189 3510; x_wconf 89' lang='lat' dir='ltr'><em>per</em></span> 
     </span>
     <span class='ocr_line' id='line_1_38' title="bbox 91 3516 1186 3596; baseline -0.002 -20"><span class='ocrx_word' id='word_1_329' title='bbox 91 3517 193 3576; x_wconf 76' lang='lat' dir='ltr'><em>trabes</em></span> <span class='ocrx_word' id='word_1_330' title='bbox 214 3519 365 3596; x_wconf 76' lang='lat' dir='ltr'><em>volantee,</em></span> <span class='ocrx_word' id='word_1_331' title='bbox 386 3521 474 3577; x_wconf 74' lang='lat' dir='ltr'><em>vaeie</em></span> <span class='ocrx_word' id='word_1_332' title='bbox 494 3517 702 3596; x_wconf 77' lang='lat' dir='ltr'><em>compluribus</em></span> <span class='ocrx_word' id='word_1_333' title='bbox 725 3537 812 3596; x_wconf 86' lang='lat' dir='ltr'><em>aqua</em></span> <span class='ocrx_word' id='word_1_334' title='bbox 828 3517 931 3595; x_wconf 75' lang='lat' dir='ltr'><em>plenis</em></span> <span class='ocrx_word' id='word_1_335' title='bbox 952 3519 1019 3576; x_wconf 90' lang='lat' dir='ltr'><em>Deo</em></span> <span class='ocrx_word' id='word_1_336' title='bbox 1040 3516 1186 3576; x_wconf 79' lang='lat' dir='ltr'><em>obcecun-</em></span> 
     </span>
     <span class='ocr_line' id='line_1_39' title="bbox 90 3599 1187 3685; baseline -0.002 -23"><span class='ocrx_word' id='word_1_337' title='bbox 90 3602 186 3662; x_wconf 90' lang='lat' dir='ltr'><em>dante</em></span> <span class='ocrx_word' id='word_1_338' title='bbox 193 3601 352 3677; x_wconf 70' lang='lat' dir='ltr'><em>flammam</em></span> <span class='ocrx_word' id='word_1_339' title='bbox 362 3615 616 3683; x_wconf 82' lang='lat' dir='ltr'><em>compeecuerunt.</em></span> <span class='ocrx_word' id='word_1_340' title='bbox 662 3599 726 3685; x_wconf 81' lang='grc' dir='ltr'><strong>(Π.)</strong></span> <span class='ocrx_word' id='word_1_341' title='bbox 748 3606 824 3662; x_wconf 78' lang='grc' dir='ltr'><strong><em>Ροτσ</em></strong></span> <span class='ocrx_word' id='word_1_342' title='bbox 838 3601 913 3659; x_wconf 81' lang='lat' dir='ltr'><em>baec</em></span> <span class='ocrx_word' id='word_1_343' title='bbox 927 3623 996 3660; x_wconf 90' lang='lat' dir='ltr'><em>cum</em></span> <span class='ocrx_word' id='word_1_344' title='bbox 1009 3604 1115 3681; x_wconf 84' lang='lat' dir='ltr'><em>ingene</em></span> <span class='ocrx_word' id='word_1_345' title='bbox 1128 3601 1187 3660; x_wconf 83' lang='lat' dir='ltr'><em>illa</em></span> 
     </span>
     <span class='ocr_line' id='line_1_40' title="bbox 92 3685 1187 3766; baseline -0.004 -19"><span class='ocrx_word' id='word_1_346' title='bbox 92 3691 142 3747; x_wconf 84' lang='lat' dir='ltr'><em>uie</em></span> <span class='ocrx_word' id='word_1_347' title='bbox 153 3685 312 3745; x_wconf 82' lang='lat' dir='ltr'><em>bominum</em></span> <span class='ocrx_word' id='word_1_348' title='bbox 333 3710 392 3748; x_wconf 88' lang='lat' dir='ltr'><em>non</em></span> <span class='ocrx_word' id='word_1_349' title='bbox 411 3686 589 3765; x_wconf 69' lang='lat' dir='ltr'><em>discederet,</em></span> <span class='ocrx_word' id='word_1_350' title='bbox 610 3686 665 3748; x_wconf 81' lang='lat' dir='ltr'><em>ced</em></span> <span class='ocrx_word' id='word_1_351' title='bbox 681 3691 766 3748; x_wconf 86' lang='lat' dir='ltr'><em>intue</em></span> <span class='ocrx_word' id='word_1_352' title='bbox 779 3697 926 3764; x_wconf 85' lang='lat' dir='ltr'><em>maneret,</em></span> <span class='ocrx_word' id='word_1_353' title='bbox 947 3707 1000 3746; x_wconf 88' lang='lat' dir='ltr'><em>nec</em></span> <span class='ocrx_word' id='word_1_354' title='bbox 1015 3689 1069 3766; x_wconf 83' lang='lat' dir='ltr'><em>qui</em></span> <span class='ocrx_word' id='word_1_355' title='bbox 1085 3686 1187 3765; x_wconf 78' lang='lat' dir='ltr'><em>abige-</em></span> 
     </span>
     <span class='ocr_line' id='line_1_41' title="bbox 79 3770 1187 3853; baseline -0.006 -19"><span class='ocrx_word' id='word_1_356' title='bbox 79 3783 158 3834; x_wconf 76' lang='lat' dir='ltr'><em>rent</em></span> <span class='ocrx_word' id='word_1_357' title='bbox 173 3781 231 3828; x_wconf 87' lang='lat' dir='ltr'><em>aut</em></span> <span class='ocrx_word' id='word_1_358' title='bbox 246 3784 371 3850; x_wconf 84' lang='lat' dir='ltr'><em>propter</em></span> <span class='ocrx_word' id='word_1_359' title='bbox 388 3777 486 3832; x_wconf 82' lang='lat' dir='ltr'><em>noctie</em></span> <span class='ocrx_word' id='word_1_360' title='bbox 508 3777 719 3853; x_wconf 85' lang='lat' dir='ltr'><em>intempeetum</em></span> <span class='ocrx_word' id='word_1_361' title='bbox 727 3775 880 3852; x_wconf 81' lang='lat' dir='ltr'><em>sacercere</em></span> <span class='ocrx_word' id='word_1_362' title='bbox 897 3772 969 3830; x_wconf 86' lang='lat' dir='ltr'><em>binc</em></span> <span class='ocrx_word' id='word_1_363' title='bbox 982 3770 1187 3846; x_wconf 77' lang='lat' dir='ltr'><em>hortarentur,</em></span> 
     </span>
     <span class='ocr_line' id='line_1_42' title="bbox 85 3853 1190 3940; baseline -0.006 -23"><span class='ocrx_word' id='word_1_364' title='bbox 85 3853 271 3940; x_wconf 72' lang='lat' dir='ltr'><em>persuadere</em></span> <span class='ocrx_word' id='word_1_365' title='bbox 290 3857 326 3914; x_wconf 83' lang='lat' dir='ltr'><em>id</em></span> <span class='ocrx_word' id='word_1_366' title='bbox 346 3857 541 3918; x_wconf 87' lang='lat' dir='ltr'><em>multitudini</em></span> <span class='ocrx_word' id='word_1_367' title='bbox 556 3869 696 3938; x_wconf 71' lang='lat' dir='ltr'><em>poscent,</em></span> <span class='ocrx_word' id='word_1_368' title='bbox 713 3856 857 3936; x_wconf 87' lang='lat' dir='ltr'><em>formido</em></span> <span class='ocrx_word' id='word_1_369' title='bbox 879 3856 976 3915; x_wconf 70' lang='lat' dir='ltr'><em>subiit</em></span> <span class='ocrx_word' id='word_1_370' title='bbox 996 3857 1153 3915; x_wconf 73' lang='lat' dir='ltr'><em>nonnullis</em></span> <span class='ocrx_word' id='word_1_371' title='bbox 1174 3877 1190 3911; x_wconf 90' lang='lat' dir='ltr'><em>e</em></span> 
     </span>
     <span class='ocr_line' id='line_1_43' title="bbox 91 3939 1192 4024; baseline -0.006 -21"><span class='ocrx_word' id='word_1_372' title='bbox 91 3941 289 4004; x_wconf 80' lang='lat' dir='ltr'><em>curatoribue</em></span> <span class='ocrx_word' id='word_1_373' title='bbox 303 3945 432 4021; x_wconf 66' lang='lat' dir='ltr'><em>augusti</em></span> <span class='ocrx_word' id='word_1_374' title='bbox 444 3946 557 4022; x_wconf 88' lang='lat' dir='ltr'><em>templi,</em></span> <span class='ocrx_word' id='word_1_375' title='bbox 578 3966 615 4002; x_wconf 88' lang='lat' dir='ltr'><em>ne</em></span> <span class='ocrx_word' id='word_1_376' title='bbox 630 3949 686 4024; x_wconf 82' lang='lat' dir='ltr'><em>qui</em></span> <span class='ocrx_word' id='word_1_377' title='bbox 702 3945 812 4023; x_wconf 83' lang='lat' dir='ltr'><em>ignoti,</em></span> <span class='ocrx_word' id='word_1_378' title='bbox 834 3963 902 4001; x_wconf 91' lang='lat' dir='ltr'><em>cum</em></span> <span class='ocrx_word' id='word_1_379' title='bbox 915 3942 951 4000; x_wconf 89' lang='lat' dir='ltr'><em>ob</em></span> <span class='ocrx_word' id='word_1_380' title='bbox 964 3939 1192 4000; x_wconf 87' lang='lat' dir='ltr'><em>multitudinem</em></span> 
     </span>
     <span class='ocr_line' id='line_1_44' title="bbox 13 4029 1189 4122; baseline -0.006 -32"><span class='ocrx_word' id='word_1_381' title='bbox 13 4039 15 4054; x_wconf 80' lang='lat'><em>&#39;</em></span> <span class='ocrx_word' id='word_1_382' title='bbox 91 4029 248 4090; x_wconf 80' lang='lat' dir='ltr'><em>bominum</em></span> <span class='ocrx_word' id='word_1_383' title='bbox 261 4037 530 4110; x_wconf 71' lang='lat' dir='ltr'><em>congregatorum,</em></span> <span class='ocrx_word' id='word_1_384' title='bbox 552 4040 618 4088; x_wconf 90' lang='lat' dir='ltr'><em>tum</em></span> <span class='ocrx_word' id='word_1_385' title='bbox 636 4029 701 4090; x_wconf 88' lang='lat' dir='ltr'><em>ob&#39;</em></span> <span class='ocrx_word' id='word_1_386' title='bbox 688 4047 790 4108; x_wconf 71' lang='lat' dir='ltr'><em>eptam</em></span> <span class='ocrx_word' id='word_1_387' title='bbox 804 4039 934 4104; x_wconf 86' lang='lat' dir='ltr'><em>noctem,</em></span> <span class='ocrx_word' id='word_1_388' title='bbox 956 4030 1104 4107; x_wconf 84' lang='lat' dir='ltr'><em>eurripere</em></span> <span class='ocrx_word' id='word_1_389' title='bbox 1124 4035 1189 4122; x_wconf 86' lang='lat' dir='ltr'><em>ten-</em></span> 
     </span>
    </p>
   </div>
   <div class='ocr_carea' id='block_1_4' title="bbox 125 4205 1141 4389">
    <p class='ocr_par' dir='ltr' id='par_1_4' title="bbox 125 4205 1141 4389">
     <span class='ocr_line' id='line_1_45' title="bbox 125 4205 508 4283; baseline -0.037 -2"><span class='ocrx_word' id='word_1_390' title='bbox 125 4211 155 4280; x_wconf 72' lang='lat'><em>⁷⁸)</em></span> <span class='ocrx_word' id='word_1_391' title='bbox 170 4213 202 4266; x_wconf 77' lang='grc' dir='ltr'><em>Α.</em></span> <span class='ocrx_word' id='word_1_392' title='bbox 220 4210 247 4270; x_wconf 82' lang='lat' dir='ltr'><em>ol</em></span> <span class='ocrx_word' id='word_1_393' title='bbox 264 4213 319 4270; x_wconf 73' lang='grc' dir='ltr'><strong><em>τοῦ</em></strong></span> <span class='ocrx_word' id='word_1_394' title='bbox 333 4205 508 4283; x_wconf 79' lang='grc' dir='ltr'><strong><em>οίθίοφδρου.</em></strong></span> 
     </span>
     <span class='ocr_line' id='line_1_46' title="bbox 127 4287 1141 4389; baseline -0.026 -13"><span class='ocrx_word' id='word_1_395' title='bbox 127 4299 171 4389; x_wconf 52' lang='lat' dir='ltr'><em>*fl</em></span> <span class='ocrx_word' id='word_1_396' title='bbox 189 4299 223 4354; x_wconf 62' lang='grc' dir='ltr'><em>Α·</em></span> <span class='ocrx_word' id='word_1_397' title='bbox 238 4297 329 4370; x_wconf 59' lang='lat' dir='ltr'><em>“itm</em></span> <span class='ocrx_word' id='word_1_398' title='bbox 348 4299 416 4372; x_wconf 68' lang='lat'>[⁸5⁶]</span> <span class='ocrx_word' id='word_1_399' title='bbox 429 4295 465 4358; x_wconf 67' lang='grc' dir='ltr'><em>οὗ</em></span> <span class='ocrx_word' id='word_1_400' title='bbox 480 4292 553 4371; x_wconf 62' lang='grc' dir='ltr'><em>παρ’</em></span> <span class='ocrx_word' id='word_1_401' title='bbox 570 4294 681 4374; x_wconf 70' lang='grc' dir='ltr'><strong><em>ὀλίγους</em></strong></span> <span class='ocrx_word' id='word_1_402' title='bbox 697 4293 885 4372; x_wconf 61' lang='lat' dir='ltr'><em>cinomiam</em></span> <span class='ocrx_word' id='word_1_403' title='bbox 901 4287 971 4372; x_wconf 70' lang='grc' dir='ltr'><strong><em>ᾖττρ</em></strong></span> <span class='ocrx_word' id='word_1_404' title='bbox 991 4293 1141 4370; x_wconf 67' lang='lat' dir='ltr'><em>delictor.</em></span> 
     </span>
    </p>
   </div>
   <div class='ocr_carea' id='block_1_5' title="bbox 0 0 1410 4624">
    <p class='ocr_par' dir='ltr' id='par_1_5' title="bbox 0 0 1410 4624">
     <span class='ocr_line' id='line_1_47' title="bbox 0 0 1410 4624; baseline 0 0"><span class='ocrx_word' id='word_1_405' title='bbox 0 0 1410 4624; x_wconf 95' lang='lat' dir='ltr'><em> </em></span> 
     </span>
    </p>
   </div>
  </div>
 </body>
</html>
