2786 4620
246 299 323 376 890
445 297 677 374 axutam
695 297 759 367 EX
777 295 944 370 rinnon
964 293 1146 366 ARABUM

247 463 357 544 erant,
377 461 592 545 copiasautem
615 457 680 518 eius
708 457 827 537 iugatae
854 464 941 532 eunt,
961 453 1065 514 multis
1089 473 1128 519 ex
1155 453 1338 522 eeteffiee'hm

239 567 450 632 ..⁰eeiieddeuhe
470 583 488 623 ι
506 557 648 628 Romanis
667 559 771 641 repete
817 557 932 620 Beinde
947 555 1113 639 lmparetor
1128 557 1340 618 Romanorum

246 663 632 735 Muhm-Alnohmenam
650 661 775 722 adortus
793 667 853 739 eet,
881 658 1053 742 oppidoque
1068 659 1199 740 potitus,
1229 659 1340 720 fenum

193 819 200 832 .
247 774 411 836 mammem
424 777 454 830 et
469 767 612 830 maiorem
630 763 836 826 aedificiorum
853 771 971 845 partem
988 761 1068 823 dirui
1081 761 1179 824 iussit.
1220 763 1338 824 Eodem

246 875 337 939 modo
354 875 387 935 in
407 867 731 934 noenu-neminem
749 864 915 943 serviebat,
940 865 1021 927 vius
1040 873 1139 924 tamen
1157 865 1338 944 incolarum,

242 995 374 1060 puerum
385 975 464 1036 Mcc
475 982 560 1035 erent
565 1017 575 1051 ,
595 967 740 1053 pepercit,
760 985 869 1048 eosque
886 968 920 1027 in
934 967 1079 1029 ditionem
1098 968 1260 1029 lismonam
1279 989 1338 1027 ce-

245 1077 347 1162 ptiroe
366 1073 555 1138 obducendoe
575 1072 701 1136 cnnvit.
741 1071 819 1132 Tum
833 1089 986 1150 aggressus
1009 1079 1056 1130 eet
1073 1069 1280 1132 Ceimthebam
1303 1079 1339 1130 et

240 1177 447 1255 cebennam,
475 1178 558 1238 euius
577 1176 723 1257 templum
746 1173 925 1253 combussit,
952 1193 1050 1255 neque
1072 1173 1158 1236 aliter
1176 1175 1339 1237 Hmnetem

242 1278 404 1358 tractavit;
431 1279 538 1340 Himre
556 1277 665 1342 deinde
684 1287 868 1359 expugnate,
895 1296 996 1338 omnes
1016 1278 1069 1357 qui
1087 1297 1122 1338 eo
1137 1279 1339 1357 confugerant
1382 1273 1383 1288 ¹

246 1382 380 1465 ceptivoe
399 1379 479 1444 fecit.
520 1379 598 1442 Tum
614 1379 742 1442 Ircetum
754 1380 955 1461 impugnavit,
977 1401 1034 1460 qua
1051 1379 1127 1441 urbe
1144 1389 1231 1460 cepte
1249 1380 1338 1441 inco·

245 1483 344 1565 iisque
353 1485 387 1544 in
399 1482 602 1564 ceptivitetem
615 1482 756 1560 reductis,
777 1482 817 1544 ed
829 1480 967 1563 Tripolin
980 1501 1073 1561 usque
1086 1501 1260 1562 progressus
1274 1491 1337 1557 ατς

246 1585 300 1648 eed
311 1605 404 1667 quum
413 1583 550 1662 vidisset,
571 1583 712 1644 suburbia
725 1583 763 1644 ab
775 1585 881 1645 incolis
894 1583 953 1644 iam
967 1583 1058 1644 fuisse
1072 1583 1243 1661 combusto,
1264 1583 1339 1666 Die·

198 1755 201 1766 ,
246 1689 344 1752 balam
361 1707 392 1748 se
412 1685 577 1764 convertit,
606 1705 666 1765 qus
686 1687 817 1766 potitus,
843 1686 1019 1748 Laodiceam
1042 1685 1138 1746 duxit.
1187 1687 1338 1750 Convenit

247 1809 317 1850 eum
340 1787 431 1850 Abu’l
444 1821 462 1833 -
474 1785 620 1847 Hmaiuue
650 1785 1336 1868 Ali-Ben-Ibnhim-nen-lusut-tlsuzuz,

248 1890 372 1971 quicum
390 1889 560 1970 pactionem
579 1887 652 1951 fecit
671 1908 705 1948 ea
724 1887 909 1966 conditione,
937 1895 973 1949 ut
995 1888 1110 1949 oheidoe
1128 1910 1167 1949 ex
1183 1891 1258 1950 turbe
1277 1891 1337 1952 eibi

246 1991 455 2069 traderentur,
482 1990 610 2054 eeeeruit
629 1999 727 2050 autem
748 1990 818 2067 ille,
839 1989 1027 2070 imperatorie
1044 2011 1075 2050 se
1096 2001 1335 2072 eeeecognatnm

248 2101 280 2156 et
295 2113 388 2174 quum
402 2093 553 2160 Romanus
577 2091 704 2154 maiores
722 2092 786 2153 eius
802 2092 984 2171 agnosimet,
1006 2092 1189 2173 Sardeghum
1206 2089 1335 2178 (sune-

247 2193 332 2280 gum)
354 2215 421 2257 eum
442 2194 571 2271 creavit3
591 2193 650 2256 hac
665 2195 766 2275 itaque
778 2195 894 2256 ratione
906 2195 1072 2258 incolumes
1087 2205 1247 2257 emerunt
1258 2198 1335 2258 Ino-

248 2299 348 2361 diceae
363 2299 487 2360 incolae.
528 2295 603 2365 Inde
618 2295 808 2358 Antiochiam
828 2296 940 2358 ducens
957 2297 990 2356 in
1006 2307 1153 2379 potestate
1169 2317 1225 2360 eus
1239 2304 1336 2361 tenuit

248 2405 384 2477 100,000
404 2400 607 2481 captivorum,
629 2417 802 2479 puerorum,
821 2399 999 2480 puellarum,
1019 2399 1240 2480 iuvenumque5
1267 2422 1337 2462 nam

246 2499 303 2563 hos
318 2502 399 2562 soloe
419 2499 551 2582 eaptivoe
571 2501 700 2576 secent,
721 2498 795 2560 viris
811 2508 842 2561 et
853 2501 992 2562 foeminis
1004 2502 1204 2582 prevectioris
1220 2505 1334 2582 aetatis,

248 2611 336 2680 etque
352 2601 469 2661 senibus
482 2610 534 2662 eut
545 2599 708 2661 intersectis
720 2610 773 2661 aut
787 2600 927 2662 dimissis.
969 2603 1088 2665 Dicitur
1101 2605 1220 2664 omnino
1230 2605 1262 2664 in
1275 2604 1336 2665 hae

248 2701 437 2782 expeditione
460 2705 500 2767 18
522 2701 662 2780 suggestis
679 2697 712 2781 *)
738 2703 854 2784 petitur
874 2721 953 2782 esee3
983 2703 1119 2768 vicorum
1137 2715 1238 2768 autem
1259 2727 1336 2790 quoe

247 2803 374 2888 diripuit
385 2812 416 2865 et
430 2801 605 2880 combussit,
627 2823 768 2866 numerus
783 2803 901 2867 definiri
912 2809 1025 2888 nequit.

330 2905 441 2966 Ceetrie
465 2913 534 2964 ante
550 2902 739 2966 Antiochiam
754 2905 877 2986 positis,
897 2929 993 2990 neque
1008 2931 1076 2972 cum
1092 2911 1200 2976 ineolis
1214 2931 1334 2976 menum

248 3007 415 3086 coronent,
436 3026 531 3086 neque
549 3005 670 3067 omrrine
691 3007 818 3088 legatum
836 3009 875 3070 ed
894 3031 945 3072 eos
959 3013 1053 3092 misit,
1075 3015 1128 3076 sed
1149 3017 1335 3079 metellume

246 3113 366 3192 regione
373 3108 549 3188 Antiochiae
562 3109 723 3187 exstruxit,
734 3111 822 3191 eique
834 3115 1005 3196 praeposuit
1011 3115 1185 3178 Michetilem
1196 3117 1335 3196 Aiberdji

247 3211 445 3298 (bertram),
473 3212 560 3272 cuiue
582 3213 664 3274 dicto
692 3213 845 3274 audientes
867 3235 930 3277 esee
948 3217 1020 3282 iueei
1042 3231 1114 3282 eunt
1131 3221 1223 3282 duces
1247 3221 1336 3282 limi-

247 3316 336 3381 tanei.
385 3315 486 3391 Quum
507 3335 611 3382 rumor
632 3315 711 3380 iuter
733 3315 869 3379 hemines
897 3321 1130 3403 percrebuisset,
1158 3323 1191 3384 id
1218 3323 1336 3384 concilii

247 3415 381 3479 Romano
401 3436 481 3492 esse,
501 3425 536 3476 ut
558 3425 653 3478 totam
674 3416 801 3480 hiemem
821 3419 1010 3482 Antiochiam
1031 3423 1186 3486 obsidione
1206 3426 1336 3486 cineum

247 3524 377 3592 teneret,
397 3515 529 3596 eliaeque
542 3517 674 3578 mitteret
687 3521 788 3601 copies
800 3519 945 3582 Helebum
957 3534 1178 3606 oppugnatum,
1199 3527 1337 3608 Kerghn.

246 3613 299 3700 jah
317 3614 558 3680 Saehdaddaulee
570 3613 621 3698 **)
640 3623 801 3702 persuasit,
822 3633 858 3686 ut
872 3623 1018 3686 Helebum
1031 3625 1230 3710 relinqueret,
1251 3649 1289 3710 ne
1302 3630 1335 3690 in

247 3717 322 3778 urbe
343 3716 536 3780 obsideretur.
585 3720 711 3797 (Narrat
734 3726 842 3788 deinde
862 3735 983 3805 auctor,
1012 3727 1256 3812 Kerghujahum,
1282 3729 1336 3812 qui

186 3839 190 3846 ·
247 3817 405 3900 Hedjibue,
426 3817 448 3879 i.
466 3841 493 3884 e.
512 3841 610 3884 cemes
630 3825 735 3904 peletii
755 3827 1000 3892 Seehdaddeulee
1019 3840 1100 3908 eret,
1121 3851 1266 3894 eumenem
1283 3851 1336 3893 re-

191 4003 197 4016 ·
247 3939 312 3980 rum
328 3921 536 3986 Huleboneium
557 3925 614 3985 eibi
637 3948 806 4010 arregeeee,
829 3931 988 4012 urbemque
1004 3929 1165 4010 Helebum,
1187 3956 1258 3996 arce
1280 3954 1336 3996 ex-

246 4031 368 4102 structa,
392 4025 545 4107 murieque
560 4029 698 4104 resectis,
724 4032 895 4112 munivisse,
918 4035 1000 4095 socio
1015 4037 1099 4115 regni
1111 4039 1190 4098 facto
1202 4037 1336 4116 Becdju-

247 4144 298 4202 ro,
321 4125 370 4188 cui
392 4149 500 4194 numen
518 4129 617 4204 ,Emiri
638 4131 766 4193 inditum
790 4134 844 4210 sit3
875 4137 1083 4218 imperatorem
1104 4147 1205 4200 autem
1226 4140 1337 4202 Reme·

284 4273 308 4342 s)
323 4273 346 4329 t
360 4293 383 4330 ι,
396 4277 517 4345 osius,
532 4278 578 4336 on
592 4280 698 4354 moun
707 4285 780 4338 eme
790 4284 894 4356 tempu.
909 4263 945 4340 ³u.

295 4341 322 4410 ’)
338 4345 406 4400 Filio
420 4349 617 4418 Seiieddeulae,
634 4349 669 4404 de
684 4369 735 4422 que
747 4369 826 4424 supra
845 4356 924 4409 verba
935 4353 1048 4411 sedunus.
1066 4356 1098 4412 is.
