2788 4616
286 295 331 368 ut
349 293 505 370 Leonis
525 295 704 370 olecoru
723 295 802 370 UD.
823 299 878 372 III.
1048 291 1125 374 480

31 451 1124 540 ,tynogssepenlissigniflostionevertendumeffisuperterrumvmmse,

31 541 213 624 pressertim
234 537 360 618 figurate
379 559 523 621 sensuque
536 540 710 621 theologico.
758 542 901 604 Eusebius
925 545 1160 616 Demonstrstl’.
1174 561 1225 622 211

31 626 180 702 uvangu.
190 631 262 692 960.
271 626 303 684 G.
315 618 387 687 ov’bi
399 621 436 688 πεί
444 628 577 710 περίγεια
587 621 785 707 παίᾶπεπηίοί
792 622 955 708 πνεύματα,
968 625 1029 692 etst'
1038 626 1125 712 αὐτὸς

33 704 155 784 boseir-
174 716 247 778 272.
260 711 292 770 G·
305 709 446 790 δαίμονες
457 707 497 774 ἂν
511 705 570 774 siro
584 705 707 792 χθόνιοι
717 711 770 774 erui
782 715 932 794 περίγεια.
954 713 1125 794 opponitur

31 796 78 858 sie
91 795 186 855 rebus
195 793 371 856 melotibus
382 815 419 854 eo
430 795 540 855 divinis
553 797 720 876 Praepsret.
729 797 869 876 Evangel.
883 802 952 863 181.
962 799 998 862 A.
1010 803 1124 868 7040.

33 881 182 960 elibiqne,
203 879 407 940 locutionibus
418 880 523 956 variis,
545 899 669 960 querum
685 885 834 942 annotabo
848 877 980 962 aliquot:
1000 885 1125 967 οἱπερί·

32 987 114 1048 γειοι
129 961 257 1046 tyrreni,
272 965 438 1045 angelique*
446 976 607 1025 vorantur
617 969 755 1043 interris,
768 969 797 1028 S.
807 968 964 1046 Gregorius
974 967 1126 1048 Nyssenus

33 1051 72 1111 ln
105 1048 217 1110 Christi
237 1049 400 1110 escension.
420 1049 456 1108 Π.
479 1053 551 1116 876.
572 1051 606 1110 A.
626 1051 645 1116 ὁ
664 1051 810 1134 περίγειος
831 1053 897 1132 βίος
917 1054 947 1112 8.
963 1053 1125 1131 Gregorius

35 1136 168 1214 Nysseu.
190 1135 234 1194 De
256 1134 390 1194 oratione
415 1133 570 1193 Dominine
586 1136 610 1196 1.
639 1140 711 1202 729.
732 1137 763 1195 G.
784 1136 857 1203 748.
880 1138 912 1197 0.
936 1134 1125 1219 ἦπερίγειος

37 1220 205 1298 διοίκησις,
226 1217 581 1294 administrationum,
603 1222 633 1280 8.
654 1221 785 1280 Clemens
798 1221 1016 1281 Alexandrinus
1038 1226 1125 1282 Stro-

36 1303 141 1365 nesib.
160 1303 231 1369 685.
241 1303 274 1364 Β.
289 1302 385 1383 ἦτοῖν
397 1304 553 1386 περιγείιιν
562 1302 708 1386 ἡγεμονία
725 1303 809 1364 Philo
823 1307 865 1365 De
881 1305 985 1365 mundi
1003 1306 1123 1387 opificio

37 1391 91 1456 94.
116 1388 154 1446 G.
179 1386 203 1467 ἡ
224 1389 371 1470 περίγειος
389 1390 489 1469 λῆξις,
509 1410 575 1448 sore
597 1399 728 1467 terrena,
750 1391 888 1469 synesius
903 1391 945 1449 De
955 1391 1125 1469 provident.

38 1477 95 1538 89.
110 1473 141 1533 C.
154 1469 176 1551 ἦ
187 1477 249 1535 τοῖν
261 1473 418 1554 περιγείοιν
436 1473 593 1552 οἰκονομία
606 1477 635 1534 8.
652 1474 787 1534 Clemens
807 1474 1026 1534 Alexandrinus
1037 1477 1126 1535 Stro-

37 1556 142 1620 mstib.
161 1563 233 1624 701.
249 1558 285 1620 A.
299 1555 336 1620 τοί
348 1557 481 1639 περίγεια
492 1554 649 1640 πράγμεπα
662 1561 693 1620 S.
708 1559 864 1637 Gregorius
878 1559 1029 1638 Nyesenus
1049 1559 1125 1618 Gon-

38 1651 88 1702 trs
101 1642 279 1702 Eunomiunr
292 1642 331 1703 11.
344 1647 415 1710 888.
431 1641 465 1705 Β.
478 1639 515 1704 τοὶ
528 1643 623 1725 περίγ.
643 1638 765 1724 rugoso
776 1645 806 1704 S.
823 1642 949 1704 Besilius
965 1643 1000 1702 In
1017 1643 1125 1706 divites

39 1747 147 1786 everos
163 1725 188 1791 Ι.
203 1727 277 1794 414.
295 1728 329 1787 B.
344 1725 367 1808 ἡ
380 1728 527 1809 περίγειος
539 1724 763 1809 τπραιπιίςταῑν
776 1721 889 1810 α’ρετοῖν
903 1729 1042 1807 synesius
1054 1728 1124 1808 Epi.

39 1813 116 1873 stols
138 1832 205 1876 oxu.
226 1811 493 1872 ed'Herenlienum
513 1813 584 1879 466.
604 1811 676 1892 Das
696 1812 844 1893 περίγειος
867 1806 960 1891 φύσις
980 1812 1065 1872 Philo
1080 1814 1152 1878 Den

40 1898 208 1956 confiuion.
222 1897 348 1975 linguar.
366 1898 437 1964 959.
459 1897 494 1958 E.
512 1891 549 1958 τοί
569 1897 703 1977 περίγεια
724 1897 873 1973 absolute,
893 1918 942 1960 ree
965 1908 1122 1976 terrestres,

37 1981 125 2042 Philo
140 1983 183 2040 De
197 1981 350 2041 sacrificiis
365 1979 466 2040 Abelis
479 1987 509 2038 et
521 1980 605 2039 Caini
623 1985 693 2046 109.
705 1981 741 2041 D.
753 1982 795 2042 De
808 1981 930 2040 somniis
944 1983 1016 2049 455.
1032 1983 1064 2042 D.
1079 1983 1124 2042 De

38 2065 104 2125 vite
117 2066 208 2124 Moris
224 2067 295 2133 618.
311 2067 346 2125 D.
360 2065 450 2123 Libro
469 2065 505 2122 11.
518 2063 689 2124 deSomniie
705 2068 776 2132 886.
789 2066 822 2126 F.
834 2067 862 2128 S.
877 2065 1033 2143 Gregorius
1043 2067 1125 2145 Nys-

40 2169 130 2210 eeuue
149 2150 185 2207 In
201 2151 329 2210 Psalmos
341 2149 364 2209 l.
378 2149 449 2215 853.
462 2149 498 2212 D.
517 2149 553 2208 In
572 2147 727 2208 Centieum
739 2149 849 2211 Gentio.
864 2150 935 2216 609.
949 2151 983 2211 Β.
998 2151 1042 2208 De
1055 2171 1125 2210 ors-

37 2234 124 2295 tione
138 2233 289 2293 Domiuice
299 2237 370 2302 729.
385 2234 419 2296 Β.
442 2233 514 2293 Inde
526 2233 675 2318 περίγειος
686 2252 755 2292 cum
769 2233 957 2293 substantivo
971 2233 1032 2293 loci
1045 2234 1126 2293 velet

38 2321 104 2380 fers
127 2318 207 2378 idem
224 2319 305 2398 qnod
324 2329 414 2378 terra.
457 2319 600 2397 Georgius
621 2317 843 2378 Alexandrinus
859 2318 926 2378 Vite
941 2319 971 2378 S.
990 2316 1124 2398 Chryso·

39 2403 129 2464 etomi
143 2403 216 2462 Vffl·
230 2409 302 2472 260.
316 2407 368 2470 88.
384 2400 426 2478 οἱς
441 2397 520 2476 ἅπας
534 2401 551 2466 ί
565 2403 713 2484 περίγειος
726 2403 877 2466 eumaem
889 2407 994 2486 χοῖρος,
1016 2413 1052 2462 ut
1066 2405 1124 2462 scit

39 2489 123 2549 orhe'e
136 2500 294 2548 terrarum.
336 2487 411 2548 Item
424 2485 443 2549 i
456 2489 602 2571 περίγειος
613 2491 711 2569 χοῖρος
723 2485 811 2548 Philo
826 2487 914 2562 Quod
928 2487 1057 2548 deterius
1070 2507 1125 2567 pn.

40 2573 113 2633 tiori
126 2571 261 2634 insidisri
274 2572 329 2633 sol.
344 2575 414 2640 132.
429 2571 464 2632 G.
480 2573 522 2632 De
536 2571 709 2632 confusione
723 2572 848 2651 linguar.
864 2571 935 2639 969.
950 2573 983 2632 F.
1001 2575 1030 2634 S.
1046 2573 1124 2632 Gre-

39 2657 140 2736 gorius
163 2657 312 2738 Nyssenus
332 2658 375 2716 De
393 2656 600 2718 bestitudinib.
619 2657 644 2717 1.
663 2660 734 2724 881.
754 2657 793 2724 A.
821 2658 933 2720 Gontrs
945 2656 1124 2718 Eunomiunr

38 2742 77 2802 Ῑί.
97 2745 170 2808 860.
185 2743 220 2806 Δ.
236 2741 255 2807 ί
268 2743 416 2824 περίγειος
428 2735 558 2823 κόσμος,
579 2741 706 2802 mundus
727 2749 879 2817 terrenus,
898 2739 958 2800 hoo
972 2750 1016 2801 est
1030 2752 1122 2823 terra,

40 2827 145 2887 Euseb.
166 2827 331 2888 Demonstr.
354 2827 494 2906 Evangel.
516 2825 587 2894 499.
611 2825 642 2892 G.
663 2825 811 2888 Palladius
826 2827 869 2886 De
884 2825 948 2886 vite
962 2827 993 2886 S.
1005 2826 1124 2886 Ioannis

41 2911 244 2992 Gbryeostumi
272 2917 342 2978 110.
372 2911 405 2970 G.
434 2911 453 2976 (ί
476 2913 624 2993 περίγειος
644 2904 737 2986 τόπος
762 2910 902 2972 Eusebius
925 2910 1124 2970 Demonstrat.

40 2996 178 3074 Evangei.
201 2997 272 3062 497.
291 2996 327 3054 Ι).
352 2998 381 3055 S.
404 2995 525 3076 Gregor.
543 2997 669 3075 Nyseen.
688 2997 771 3056 Oret.
789 2995 931 3055 ceteohet.
944 2993 981 3054 11.
1002 2993 1075 3058 487.
1089 2993 1123 3051 Β.
1208 3064 1210 3070 Ι
1298 3057 1302 3066 ,

40 3079 172 3160 Aliisque
186 3081 261 3140 locis
276 3081 357 3160 apud
371 3081 499 3140 Leonem
507 3090 644 3142 nostrum
658 3081 781 3140 dubium
795 3100 858 3140 non
871 3087 929 3154 est,
950 3076 1024 3156 quin
1036 3075 1059 3155 ἡ
1071 3095 1123 3138 πε-

40 3165 148 3248 ρίγειος
169 3167 375 3242 veleetterru,
396 3174 433 3224 ut
453 3169 503 3231 99.
523 3165 559 3226 A.
600 3165 753 3225 Interdum
767 3174 864 3225 temen
877 3159 1151 3240 signffiostionemc

41 3269 80 3312 ex
100 3249 277 3328 etymologis
297 3251 418 3310 ductam
436 3249 528 3326 megin
547 3249 664 3312 retinet.
706 3249 755 3310 Sio
779 3247 864 3308 Philo
885 3249 928 3308 De
950 3243 1123 3306 monarchis

41 3339 115 3402 627·
127 3330 180 3408 seir
196 3332 267 3414 μειοὶ
282 3329 410 3416 σελήνην
425 3333 458 3398 ίν
473 3327 541 3416 οίίρι
553 3335 719 3416 περιγείοος
730 3327 852 3414 φύσεις,
874 3341 1021 3409 naturae,
1043 3351 1122 3410 quae

36 3429 108 3498 poet
128 3418 235 3478 ίαπαπι
257 3421 292 3478 in
310 3427 377 3478 utre
396 3421 479 3478 circo
502 3430 615 3478 terram
628 3429 708 3479 eum.
750 3415 889 3498 Agethiee
902 3416 977 3478 Hist
996 3416 1068 3483 146.
1085 3417 1121 3476 D.

41 3501 214 3584 ὁπερίγειος
233 3496 312 3584 sisio,
333 3512 386 3562 ne'r
399 3515 495 3564 terrae
508 3507 647 3584 proxime
664 3505 878 3582 oneumfueue.
917 3501 1019 3582 Neque
1033 3500 1122 3562 eliter

40 3585 64 3668 ἦ
76 3589 221 3669 περίγειος
235 3587 418 3650 substantive
434 3589 467 3648 in
480 3589 580 3651 Procli
594 3586 734 3669 Persphr.
748 3588 782 3648 in
795 3588 917 3650 Ptolem.
930 3590 961 3652 8.
986 3587 1016 3646 0
1029 3579 1121 3649 δίνα-

40 3672 90 3752 ριίς
107 3671 342 3751 versationem,
363 3671 415 3736 esui
434 3675 582 3756 διαβαίνει
595 3673 638 3747 είς
650 3677 751 3736 πᾶσαν
761 3670 817 3754 τήν
831 3673 990 3754 περίγειον.
1032 3670 1121 3729 Unde

40 3756 251 3818 emendandum
271 3757 431 3818 Ptolemaei
449 3758 707 3840 Quadripertitum
730 3765 760 3825 9.
785 3759 818 3822 G.
838 3759 892 3818 ubi
920 3773 1004 3815 nune
1024 3755 1120 3814 forme

40 3841 161 3918 vitiose,
182 3845 285 3904 πᾶσαν
305 3837 364 3922 τὴν
379 3845 529 3929 περίγειαν
544 3844 623 3925 [ιίο].
664 3843 817 3904 Seniorem
830 3861 934 3902 vooem
947 3839 1121 3918 Lexieisque

39 3925 167 4032 ignotem
186 3925 477 4030 hebet‘Ptolemeens
499 3929 691 4030 Qnsdrigssrt.
715 3933 764 3997 17.
782 3928 817 3991 Β.
831 3927 934 3988 lunam
946 3925 1129 3985 antecellere.
1255 4021 1257 4026 Ι

39 4005 89 4074 M
98 4024 585 4181 τίῖἇίρίίηωίίιαίζοίγιίίίίείῗριίί·
593 4023 838 4180 ιίείνιΜῬίίίίαίοιν
851 4089 1038 4176 innotuere]
1059 4090 1118 4150 Pro

40 4174 220 4260 αίχειιίίεοτος
230 4181 405 4262 plerumque
418 4185 477 4244 Leo
491 4193 619 4264 usurpet
629 4183 679 4243 vel
691 4183 832 4268 ζωγρίας,
854 4191 890 4242 ut
900 4186 952 4246 99.
970 4177 1001 4236 0.
1014 4175 1066 4242 94.
1082 4173 1117 4233 D.

40 4263 90 4331 41.
107 4267 138 4327 0
163 4270 216 4334 76.
231 4267 272 4328 A.
296 4271 367 4336 107.
386 4269 425 4333 D.
435 4269 486 4332 vel
497 4265 699 4354 ίζαγρηρίνος
709 4273 740 4335 7.
757 4268 790 4329 G.
803 4265 851 4332 vel
864 4256 1052 4348 δοριάλωτοι
1066 4261 1116 4326 18.
