2786 4620
228 306 303 381 343
398 266 403 286 ’
503 308 791 388 ‚numerurm
811 309 1006 379 nuenmo

208 530 210 536 ,
229 469 371 554 Sophiam
388 467 570 548 ingreditur,
596 466 725 529 dominio
740 467 802 528 euin
821 469 1051 550 lmpmatoribun
1066 462 1104 530 'ae
1126 488 1143 529 a
1162 470 1250 550 longe
1267 489 1322 530 oe-

228 572 402 654 quentibue,
419 581 449 630 et
462 569 495 630 in
508 569 591 651 pecie
605 571 708 631 osculo
724 569 762 630 ed
779 579 888 634 terram
901 591 992 651 uaque
1008 571 1209 634 adorantibus.
1252 571 1321 632 dr-

198 675 322 754 Dmiger
333 673 422 734 huiue
433 672 538 752 sagitta
553 673 666 732 calamo
682 671 813 732 imminue
834 672 941 733 Aerem
959 671 1001 753 ¹⁷)
1023 674 1055 730 in
1074 673 1205 732 Ecclesia
1220 673 1321 754 ponit,

227 797 302 858 quae
321 773 528 856 prosequitur,
552 793 611 854 quo
633 774 776 834 nimirum
795 784 931 855 tempore
951 773 1098 854 imperare
1118 775 1266 854 coeperit,
1287 783 1322 834 et

226 878 272 940 aio
294 879 415 955 dorem,
437 874 542 956 quiid
562 894 624 934 non
644 875 804 953 viderunt,
834 875 1017 956 intelligunt.
1058 876 1122 936 Hac
1143 878 1245 936 eedem
1268 875 1321 936 die

227 980 384 1042 convivam
402 998 449 1038 me
470 977 528 1038 aibi
543 997 604 1036 eoae
619 975 713 1036 iussit.
754 977 823 1037 Non
841 987 922 1038 retus
943 988 1043 1039 autem
1056 997 1103 1038 me
1118 977 1239 1058 dignum
1255 997 1323 1038 esee

227 1081 358 1162 cuipiam
372 1100 494 1141 suorum
508 1080 653 1161 praeponi
668 1081 826 1139 Procerum
834 1125 843 1156 ,
865 1081 989 1160 quintus
1004 1079 1136 1140 decimus
1151 1082 1188 1139 nb
1200 1101 1235 1141 eo
1247 1081 1322 1139 abe-

227 1203 283 1263 que
303 1201 430 1262 gauaepa
451 1183 514 1242 redi
523 1204 532 1260 3
555 1201 688 1242 meorum
702 1200 788 1241 nemo
803 1182 947 1243 comitum
961 1199 1022 1240 uon
1037 1181 1104 1241 dico
1121 1183 1219 1242 nolum
1235 1201 1321 1240 men-

227 1306 277 1345 neo
289 1305 352 1345 nou
365 1283 489 1363 assedit,
511 1285 564 1344 ned
578 1305 675 1364 neque
690 1283 830 1360 domum,
851 1283 884 1344 iu
899 1305 956 1364 qua
971 1285 1098 1346 conviva
1113 1305 1207 1361 erem,
1228 1283 1320 1346 vidit.

225 1384 297 1466 Qua
312 1387 345 1446 iu
360 1407 451 1447 coena
465 1383 609 1465 temporie
629 1385 700 1444 ratio
708 1430 716 1463 ,
739 1395 769 1444 et
782 1386 945 1456 obscoena,
966 1385 1115 1446 ebriorum
1130 1407 1228 1463 more,
1250 1386 1320 1445 oleo

227 1488 372 1566 delibuta,
401 1488 517 1567 alioque
542 1487 672 1567 quodam
697 1487 856 1548 deterrimo
886 1489 1014 1570 piscium
1044 1488 1161 1570 liquore
1188 1509 1321 1569 nepem,

227 1591 324 1650 multa
344 1609 434 1670 anper
457 1589 592 1671 potentie
613 1599 729 1668 ventre,
756 1591 850 1650 multa
871 1611 960 1671 nuper
984 1591 1092 1670 Regoie
1119 1600 1150 1650 et
1173 1591 1322 1650 militibus

198 1697 278 1754 Eme
296 1693 422 1771 rogavit.
464 1690 521 1750 Cui
543 1709 613 1750 cum
627 1704 840 1772 cousequenter
860 1703 890 1754 et
900 1713 971 1755 vere
983 1693 1210 1775 responderem
1230 1711 1321 1752 men-

226 1793 312 1872 tirie,
334 1794 395 1854 uit:
419 1792 534 1853 domini
552 1792 597 1852 tui
609 1793 718 1854 militen
735 1797 888 1875 equitandi
907 1795 1021 1874 ignari,
1041 1795 1187 1876 pedestris
1201 1813 1322 1876 pugnae

227 1901 297 1953 eunt
316 1887 420 1972 inscii,
442 1907 593 1958 acutorum
613 1897 801 1976 magnitudo,
822 1898 984 1958 loricarum
1003 1897 1178 1978 gravitudo,
1199 1897 1318 1956 ennium

227 1994 398 2074 longitudo,
419 1999 627 2079 galearumque
646 1999 766 2080 pondua
784 2009 891 2060 neutra
912 2009 996 2082 purte
1014 2021 1064 2061 eor
1083 2019 1215 2081 pugnare
1234 1998 1319 2077 ainit,

227 2117 263 2158 oo
276 2098 445 2176 aubi-idem,
468 2101 607 2180 impedit,
627 2101 740 2182 inquit,
762 2121 812 2163 ooo
825 2112 855 2162 et
868 2101 1086 2182 gastrimargia,
1107 2102 1167 2162 hoc
1181 2110 1228 2160 ent
1241 2121 1318 2162 ven-

225 2198 281 2260 trio
300 2200 447 2280 ingluvies
456 2248 465 2280 ,
494 2223 622 2283 quorum
635 2206 714 2264 Deus
734 2213 840 2265 venter
856 2215 916 2283 eet,
938 2225 1065 2285 quonum
1086 2205 1227 2280 audacia,
1248 2223 1320 2262 cm-

112 2299 319 2390 1'3481pule3
341 2302 504 2383 fortitudo,
526 2307 669 2386 ebrietao3
690 2306 850 2382 ieiunium,
873 2307 1046 2384 dissolutio,
1067 2325 1179 2388 pavor,
1202 2303 1322 2364 sobrie·
1349 2319 1352 2324 ·

119 2372 177 2424 ω·
195 2373 210 2426 ¹
227 2413 282 2466 tan.
323 2405 385 2466 Noc
403 2417 448 2467 ent
463 2407 496 2466 in
515 2410 591 2468 mari
610 2409 730 2469 domino
750 2419 805 2470 tue
824 2409 962 2469 classium
975 2429 1125 2470 numerus.
1165 2391 1326 2483 Naviganss

225 2505 304 2565 tium
322 2507 469 2569 fortitudo
481 2509 557 2572 milri
571 2512 628 2572 ooli
648 2511 726 2572 ineot
734 2557 744 2588 ,
766 2511 818 2591 qui
833 2529 900 2571 eum
914 2513 1057 2572 classibus
1071 2509 1225 2590 aggrediar
1238 2508 1321 2567 bello

225 2605 389 2665 muritimua
400 2607 465 2668 eius
481 2609 616 2671 civitatee
630 2611 782 2691 demoliar,
804 2623 834 2672 et
847 2633 922 2694 quoe
935 2613 1108 2674 fluminibus
1122 2621 1194 2673 nunt
1205 2609 1321 2687 vicine,

225 2705 356 2784 redigam
367 2707 402 2767 in
420 2709 560 2776 favillam.
604 2713 698 2794 Quin,
718 2716 806 2793 cedo,
825 2715 900 2776 mihi
915 2716 1002 2778 atium
1020 2715 1053 2774 iu
1069 2723 1148 2774 terro
1162 2713 1321 2794 copiarum

224 2808 376 2889 paucitate
396 2810 532 2872 resistere
549 2815 681 2894 poterit?
708 2818 787 2878 filiun
809 2838 872 2878 non
891 2817 993 2878 affuit:
1021 2837 1101 2876 uxor
1122 2835 1184 2874 non
1205 2813 1317 2886 doluit3

225 2911 371 2989 Saxones,
394 2913 499 2992 Suevi,
525 2915 667 2995 Baioarii,
695 2919 793 2980 Italici
820 2941 923 2982 omnen
943 2941 1013 2980 cum
1033 2939 1069 2978 eo
1090 2917 1257 2992 olluerunt;
1288 2924 1322 2974 et

225 3033 295 3073 oum
312 3012 497 3076 civitatulam
517 3037 607 3078 uuum
625 3019 682 3079 aibi
703 3021 888 3082 resistentem
908 3041 1014 3103 capere
1030 3019 1195 3095 nescirent,
1224 3019 1319 3078 immo

225 3117 401 3196 nequirent,
425 3121 574 3198 quemodo
593 3121 668 3184 milri
687 3123 827 3185 reaietent
846 3123 1001 3186 venienti?
1036 3143 1124 3202 quem
1145 3129 1193 3180 tot
1212 3119 1321 3200 copiae

224 3229 463 3300 prosequuntur,
496 3223 643 3303 Gargara
667 3238 740 3305 quot
768 3239 894 3307 negator,
927 3237 1001 3308 quot
1030 3225 1121 3284 habet
1142 3221 1321 3300 Methymna

225 3339 375 3393 racemos,
405 3323 488 3400 Quot
506 3320 626 3385 Caelum
646 3329 774 3407 Stellae,
803 3341 876 3409 quot
897 3333 985 3390 Mare
1004 3332 1039 3388 in
1054 3327 1191 3409 flatidue
1203 3323 1318 3384 undas.

226 3419 282 3478 Cui
307 3441 376 3479 cum
401 3426 598 3505 reapoudere,
627 3439 657 3488 et
680 3429 906 3512 Apologoticum
932 3431 1054 3510 dignum
1078 3427 1235 3488 inflatione
1260 3427 1321 3487 hec

196 3523 362 3581 Bevomere
374 3523 481 3583 vellem
496 3545 558 3586 non
572 3529 721 3608 permisit5
748 3534 802 3593 aed
814 3533 923 3593 adiecit
936 3532 1020 3612 queri
1033 3531 1072 3590 ed
1086 3530 1320 3591 contumelium:

222 3643 277 3684 vus
296 3619 341 3704 17)
367 3642 429 3682 nou
447 3625 590 3706 Romani,
612 3632 664 3691 ned
685 3635 873 3712 Longobardi
895 3635 975 3694 catio.
1019 3633 1076 3692 Cui
1097 3631 1197 3694 adhuc
1217 3631 1323 3692 dicere

223 3723 352 3800 volenti,
374 3733 405 3784 et
427 3745 519 3788 mauu
539 3738 573 3788 ut
593 3739 723 3793 tacerem
738 3735 891 3812 innuenti,
914 3743 1078 3795 commotus
1093 3736 1231 3816 inquom:
1253 3735 1322 3794 lle-

223 3826 340 3886 mulum
358 3825 560 3908 fratricidam,
582 3851 621 3893 ex
643 3853 703 3914 quo
724 3846 754 3896 et
776 3837 900 3896 Romani
921 3837 994 3898 dicti
1016 3847 1102 3914 eunt,
1122 3837 1325 3920 porniogeni-

258 4011 306 4080 16)
324 4011 363 4065 lt
382 4013 472 4065 Arum.
490 4013 569 4068 Can.
620 4016 668 4083 17)
687 4019 729 4070 Ex
748 4019 842 4072 Nicotu
863 4020 1000 4087 Clonintc,
1019 4023 1194 4092 curopalate,
1213 4029 1239 4075 et
1255 4022 1323 4074 ullis

289 4089 378 4134 notum
395 4089 442 4147 cst,
462 4082 573 4138 Graecos
595 4103 687 4139 nomen
703 4091 876 4142 Romanorum
894 4091 943 4142 net
957 4095 1090 4160 proprium
1107 4093 1213 4159 seciaae.
1249 4090 1324 4143 ilinc

284 4154 404 4216 suctuve,
426 4157 456 4205 nt
474 4153 630 4208 Graeoonnn
652 4157 764 4211 leotilua
779 4177 872 4212 onumen
888 4159 1063 4213 Romanorum
1079 4171 1134 4215 turn
1151 4160 1243 4212 nortun
1255 4163 1324 4226 snc-

289 4221 459 4345 &affinga
466 4241 527 4345 'eum
545 4225 640 4280 Gracci
656 4243 683 4281 oe
698 4229 764 4282 colna
781 4228 928 4310 Romuue,
943 4231 1054 4299 rettqnoa
1069 4247 1130 4285 uoco
1148 4229 1257 4284 bottano
1271 4245 1324 4282 co-
