2788 4616
254 301 332 380 470
590 307 627 384 C.
646 307 682 375 Β.
703 305 992 384 HASllNOTAE
1014 331 1016 336 ·

258 488 385 550 quorum
403 465 463 528 lroc
473 463 582 547 filium
598 464 780 543 significare,
796 487 865 528 nou
879 477 1016 547 patrem,
1043 467 1094 530 rel
1112 465 1217 550 pueris
1236 476 1350 528 uotum

258 565 311 634 sut.
344 553 501 635 Euripides
516 549 682 612 Heraclidis
694 555 775 618 326:

703 635 734 710 ἐξ
750 635 867 698 ἐσθλῶν
880 631 912 697 di
931 631 1002 714 φάς,

456 713 554 784 odttv
566 719 680 782 πανίαν
692 714 844 801 τυγχάνεις
856 716 947 801 γεγοίς
961 715 1081 802 πατρός.

256 805 374 886 Addam
390 804 644 884 exscriptoribus
665 805 809 884 prosaicis
830 806 1036 864 suatoritatem
1056 802 1210 864 Heliodori
1234 802 1350 882 Tlsseg.

259 897 329 966 17].
343 891 376 950 Β.
387 884 462 968 πράς
473 884 546 962 socie
558 885 686 968 φάντος·
708 899 738 948 et
751 890 903 950 Plutarchi
918 891 1083 968 Comperit.
1101 887 1210 966 Agidis,
1232 889 1351 948 Cleom.

255 987 287 1038 et
302 973 429 1046 Grscols.
439 979 512 1040 796.
530 976 563 1034 A.
580 973 621 1032 lle
635 973 772 1034 audiend.
787 981 869 1056 poet.
883 979 933 1040 36.
943 975 1078 1056 E.'(quod
1093 983 1137 1032 est
1153 973 1252 1030 nobile
1267 975 1350 1050 srsg-

230 1055 388 1122 Bmentun
409 1057 600 1139 Cresphontis
615 1059 770 1139 Euripidei
788 1061 833 1120 ed.
848 1060 966 1120 Bernes.
982 1060 1019 1121 ll.
1038 1056 1121 1138 436.)
1145 1059 1185 1116 lle
1199 1059 1350 1117 consolat.

254 1144 293 1204 sd
310 1143 411 1225 Apoll.
428 1150 497 1211 111.
510 1146 541 1206 Β.
564 1144 632 1204 ldeo
649 1155 745 1204 eutem
761 1145 852 1221 magis
872 1145 979 1218 miror,
1001 1144 1032 1202 in
1047 1143 1105 1202 hoc
1124 1142 1214 1201 verbo
1232 1162 1350 1202 errasse

253 1229 399 1306 Leonem,
426 1229 508 1308 quod
528 1239 558 1288 et
577 1229 642 1309 ipse
660 1235 710 1296 69.
730 1229 763 1291 G.
779 1239 858 1289 recte
879 1228 1064 1306 adhibuerit,
1085 1227 1116 1302 ἐξ
1140 1221 1270 1306 ἀσήμων
1292 1224 1350 1306 μὲν

251 1308 334 1392 φάς·
357 1322 388 1372 et
401 1310 548 1392 Agathiss,
571 1333 658 1392 quem
671 1313 782 1372 imitari
794 1323 929 1390 cassetur,
952 1308 1051 1393 φάντα
1062 1333 1118 1393 pro
1131 1324 1239 1371 notum
1252 1332 1350 1372 usus*-

253 1408 307 1480 pst
321 1398 373 1463 65.
390 1398 424 1471 D.
440 1391 578 1476 φύσαντα
591 1418 647 1477 pro
655 1411 781 1477 parente
797 1402 865 1464 147.
883 1400 913 1456 C.

339 1479 416 1543 Iiid.
439 1485 484 1542 lin
513 1484 562 1549 15.
590 1489 653 1556 τοῖς
673 1482 832 1560 κειμένοις]
862 1481 1008 1543 Nimirum
1027 1483 1252 1558 otiosumne,
1285 1488 1350 1558 τοῖς

255 1565 494 1648 κατοιχομένοις·
516 1587 554 1625 ex
568 1563 691 1644 Agetbis
704 1573 754 1633 88.
771 1569 802 1626 Β.

339 1655 421 1730 Peg.
445 1655 515 1746 ¹²⁰:
537 1651 590 1712 lin.
616 1655 664 1716 13.
683 1645 891 1731 Ἀνδράλεστος
905 1645 979 1730 eled
997 1647 1172 1733 Πατρίιιιος]
1201 1644 1348 1733 ’stipite-

257 1753 324 1808 mc
339 1734 420 1878 lilii.
434 1736 1062 1900 sliiilnlzilneiiiibitbiieoiiiillibriiYsiiibiio:
1084 1817 1254 1880 accuratius
1271 1819 1345 1878 fuis·

255 1912 318 1978 set,
347 1904 437 1962 nulla
460 1923 554 1962 causo
578 1917 746 1983 apparente.
789 1905 907 1964 liabent
929 1899 1151 1986 ἀπροφάσιστος
1172 1913 1203 1962 et
1226 1905 1343 1963 adverb.

256 1982 486 2068 ἀπροφασίστως
501 1988 610 2070 passim
629 1990 725 2048 verius
745 1991 929 2069 meximeque
946 1992 1075 2054 diverses
1096 1988 1343 2066 significationes:

256 2093 330 2154 quse
346 2093 413 2134 cum
430 2075 481 2131 vix
498 2094 514 2131 o
530 2092 679 2152 quoquam
694 2073 792 2134 sdhuc
809 2071 943 2155 (opinor)
965 2075 1128 2154 explicatae
1144 2074 1222 2148 siut,
1246 2074 1342 2153 dispo-

255 2178 325 2217 nam
344 2157 396 2218 hic
413 2157 527 2237 aliquot
544 2159 728 2236 singularum
751 2161 902 2240 exemplo,
930 2160 1177 2238 quemadmodum
1197 2157 1286 2216 sliam
1306 2179 1341 2218 ex

256 2243 312 2301 alis
323 2251 424 2302 netem
439 2243 581 2310 arbitror:
603 2241 647 2322 1.)
666 2238 913 2324 Ἀπροφάσιστος,
928 2243 1013 2323 quod
1018 2247 1061 2323 fit
1074 2247 1137 2302 sine
1153 2263 1267 2314 causa,
1289 2263 1340 2302 cu·

213 2361 218 2376 .
255 2326 304 2386 ius
319 2321 481 2409 πρόφασις,
502 2323 561 2386 ho'c
579 2337 623 2386 est
640 2349 746 2403 ceusu,
768 2331 814 2388 vel
828 2351 888 2389 non
903 2339 1042 2408 apparet,
1063 2329 1112 2387 vel
1126 2329 1210 2388 nulls
1224 2337 1276 2389 est.
1313 2331 1340 2386 S.

257 2413 378 2488 Gregor.
398 2412 716 2491 Nyss.1nEcclesisst.
735 2414 754 2473 1.
778 2417 848 2482 402.
870 2415 903 2473 A.
919 2413 937 2476 d
952 2408 1176 2494 ἀπροφάσιστος
1195 2409 1300 2494 φίλως,
1323 2409 1342 2475 i

229 2491 332 2558 Celsen
350 2497 446 2568 αἰτίας
463 2500 590 2575 θρῆνος.
632 2497 811 2560 Heliodorus
827 2499 970 2576 thegen.
992 2507 1018 2558 ct
1039 2497 1125 2560 Cher.
1147 2497 1213 2562 144.
1233 2497 1265 2554 Β.
1279 2489 1340 2576 βά-

254 2573 327 2642 nisis
349 2603 379 2640 τι
403 2579 455 2640 παλ
476 2574 705 2662 ἀπροφάσιστον
725 2581 899 2662 inscelestus,
929 2587 993 2642 sine
1010 2584 1077 2642 ulla
1098 2581 1192 2642 causa
1211 2583 1339 2660 ingemi-

255 2683 347 2724 tcem·
384 2668 456 2730 172.
477 2664 510 2722 Α.
534 2659 759 2746 ἀπροφάσιστον
778 2662 963 2748 ἀγρυπνίαν,
994 2671 1147 2726 isssomnio
1170 2668 1233 2724 sine
1248 2687 1340 2726 causo

256 2759 427 2826 apparente.
453 2747 520 2828 lpse
534 2750 593 2808 Leo
613 2761 715 2812 noster
737 2757 786 2818 76.
808 2754 840 2816 B.
859 2749 916 2831 τήν
933 2747 1160 2833 ἀπροφάσιστον
1186 2749 1238 2813 καὶ
1252 2745 1339 2813 ἀλλά·

256 2854 344 2896 nosos
365 2831 515 2909 Ῥωμαίων
543 2830 662 2914 φυγήν,
693 2837 867 2895 insolentem
891 2847 918 2894 et
939 2840 1004 2895 sine
1031 2858 1126 2895 eausa
1146 2838 1270 2913 factam
1286 2838 1337 2912 [τι

253 2937 347 2996 gome
366 2917 453 2975 -verti
473 2917 515 2976 ibi
540 2919 637 2978 minus
658 2931 804 2981 sccurste.
840 2922 914 2980 Item
941 2923 1021 3002 spud
1042 2921 1193 2981 Heliodor.
1216 2925 1285 2986 269.
1306 2922 1335 2980 B.

147 3001 149 3008 '
257 2994 478 3082 ἀπροφάσιστοι
493 3002 584 3065 αἰτίαι
595 3013 666 3066 suut
677 3010 884 3066 accusationes
896 3007 958 3066 sine
971 3027 1075 3082 causo,
1097 3007 1127 3066 id
1142 3015 1185 3064 est
1200 3009 1335 3080 iniustae,

257 3097 288 3144 σί
308 3087 379 3151 304.
400 3086 430 3144 G.
446 3080 669 3168 ἀπροφάσιστος
683 3085 827 3170 πόλεμος,
850 3102 879 3150 ct
897 3091 977 3170 apud
992 3094 1021 3152 S.
1037 3091 1126 3150 Βαάλ.
1137 3090 1232 3170 Epist.
1247 3111 1335 3150 sm.

256 3167 299 3234 ll.
322 3176 392 3236 900.
416 3171 450 3229 Β.
475 3165 700 3253 ἀπροφάσιστον
718 3182 814 3255 μῖσος,
833 3175 939 3240 odium
966 3197 1026 3236 non
1047 3186 1109 3236 tem
1134 3177 1334 3250 inexcusabile,

257 3254 503 3330 quemadmodum
527 3257 726 3318 Montscutius
752 3260 961 3339 interpretetus
983 3271 1043 3336 ost,
1077 3281 1163 3339 quem
1192 3263 1336 3318 iniustam

257 3335 320 3393 siss
332 3339 421 3396 nulla
433 3338 469 3398 de
485 3361 583 3400 cauea
593 3356 773 3422 susceptum.
802 3345 852 3404 Sic
864 3346 940 3404 enim
953 3347 1057 3405 melius
1072 3346 1196 3424 exponit
1210 3347 1336 3406 Leuveu-

255 3417 355 3478 kloius
377 3421 429 3478 ille
450 3425 480 3482 S.
504 3425 590 3503 (λιες.
607 3427 693 3507 Nyss.
708 3430 802 3509 Epist.
815 3431 853 3489 sd
868 3429 1000 3494 Florian.
1016 3430 1055 3490 ll.
1074 3436 1165 3496 1077.
1178 3429 1215 3490 A.
1229 3428 1263 3494 so*
1277 3427 1335 3492 tte.

257 3497 310 3564 ιιάν
329 3525 362 3564 τε
383 3503 434 3600 παλ
454 3499 682 3586 ἀπροφάσιστον
703 3508 780 3576 καθ’
802 3513 890 3592 ἡμῶν
915 3522 1011 3594 μῖσος.
1045 3515 1229 3574 Δσνοιλιίιιω
1253 3513 1335 3575 simili

257 3605 348 3648 100ῑῦ
367 3586 546 3649 H0¹10tl⁰r11⁵
568 3597 639 3660 816.
665 3597 697 3656 C.
716 3598 753 3657 de
773 3599 972 3675 cubicularis,
1003 3591 1249 3680 ἀπροφασίστως,
1277 3605 1334 3659 sine

258 3691 363 3744 caula.
384 3671 581 3736 iflirsswfflla·
610 3675 652 3757 9.)
672 3673 915 3761 Ἀπροφάσιστας,
937 3683 1018 3763 quod
1029 3683 1064 3742 fit
1078 3687 1142 3742 sine
1154 3689 1333 3758 manatione,

256 3751 316 3814 boc
333 3763 393 3852 est,
420 3757 484 3816 sine
505 3759 760 3840 tergiversatione,
787 3778 920 3845 promte,
953 3768 1107 3828 alacriter.
1138 3771 1169 3828 S.
1190 3770 1277 3828 Besil.
1298 3773 1334 3828 lls

256 3837 394 3917 baptism.
412 3840 437 3900 Ι.
458 3843 528 3908 646.
549 3845 584 3904 Δ.
607 3839 841 3934 ἀπροφασίστφ,
869 3848 1014 3935 ταχυτάτη
1034 3874 1066 3914 τι
1088 3851 1141 3916 παλ
1160 3857 1333 3936 μετεωρίσιφ

229 3919 391 4030 Βιίπαιιορ.
432 3925 519 3986 Unde
538 3929 656 3989 Simeon
670 3932 882 4012 Metsphrsstes
901 3936 969 3996 Vite
985 3940 1014 3996 S.
1030 3936 1181 4018 chrysost.
1202 3943 1272 4006 397.
1288 3944 1332 4006 37.
1372 4001 1373 4006 ,

255 4003 396 4086 άπανοην
415 4002 657 4093 ἀπροφάσιστον,
677 4025 708 4076 et
724 4017 875 4079 Palladius
896 4021 965 4081 Vite
982 4023 1110 4082 eiusdem
1133 4025 1184 4089 36.
1200 4024 1233 4083 C.
1250 4022 1333 4104 elespo-
1370 4039 1373 4090 ι

254 4085 402 4168 φάσιστον
417 4087 531 4174 ἀκοήν,
546 4111 702 4175 promtam
716 4101 919 4164 auditionem.-
938 4127 1009 4184 non‚
1031 4121 1121 4166 arctes
1135 4111 1247 4166 omisso
1261 4112 1332 4168 onesi

251 4189 411 4252 praetexto
425 4181 681 4262 accommodatae,
702 4197 738 4246 ut
754 4190 847 4250 vertit
862 4185 1004 4270 bigotius.
1034 4192 1130 4252 Possis
1152 4193 1239 4253 etism
1257 4194 1331 4275 (opi-

256 4256 325 4338 nor)
347 4259 410 4324 buc
425 4264 539 4328 referre
556 4266 656 4330 locum
676 4271 808 4336 Philonis
821 4276 865 4338 us
882 4276 969 4356 leget.
982 4275 1022 4338 sd
1036 4277 1139 4338 caum
1153 4283 1227 4346 796.
1240 4279 1272 4344 Β.
1285 4279 1330 4340 ubi
