2808 4618
222 276 298 352 204
475 283 534 350 DE
555 281 848 355 VEersrlonE
870 285 1049 354 BELLICA

223 454 272 517 καὶ
294 433 526 516 ἀποσκοποῦυτα
548 448 604 533 τὴν
625 455 679 515 τοῦ
695 447 811 536 Ἅμηρῦ
832 445 1017 535 παράταξιν,
1047 449 1096 514 καί
1110 445 1150 513 ud
1164 447 1230 536 περὶ
1243 444 1308 536 αῦ-

194 559 294 638 mic,
326 548 368 628 ῶς
389 551 428 616 ἀν
449 548 634 639 ὃδοιτιορείη,
662 549 861 636 καταμηνύειν
876 551 967 642 aduri.
1002 554 1027 617 si
1043 536 1077 616 δὲ
1091 552 1141 615 καὶ
1157 555 1306 636 podismo,
1346 607 1349 612 ,

221 656 256 720 sd
270 659 313 731 εἰς
326 653 465 743 φυλακὴν
476 660 538 720 τῶν
552 655 843 738 διασκορπιζομίνων
856 655 932 742 πρὸς
944 655 1026 719 λείαν
1038 655 1188 736 πολεμίων
1202 649 1307 738 sincip-

57 772 110 824 Foi.
127 771 180 827 383
196 787 217 824 r.
221 782 289 842 χου,
316 755 493 840 συναντήσει
508 754 524 823 ὃ
541 758 709 845 στρατηγὸς
723 763 846 842 πλῆθος
856 756 942 841 ἕχον,
969 759 1036 840 διχῆ
1050 756 1104 822 τάν
1118 755 1191 820 λαδν
1208 751 1308 820 αῦτοῦ

221 863 322 944 δείλη,
351 863 400 946 καί
422 859 595 946 ἔμπροσθεν
614 862 670 944 μὲν
692 860 854 946 ἀποστείλῃ
874 859 947 935 τοὺς
966 857 1143 946 ὀφείλοντος
1156 857 1234 940 μετὰ
1247 863 1333 924 τοῦό

220 962 356 1052 podices·
370 960 506 1045 συνάψαι
521 960 661 1046 πόλεμον.
689 960 806 1029 τούτων
821 963 854 1027 δὲ
868 961 1086 1049 συρραγέντων,
1114 960 1208 1036 sidric
1221 957 1305 1025 καλδ

220 1065 390 1152 στρατηγὸς
417 1065 493 1147 μετὰ
525 1072 580 1150 τῆς
600 1063 797 1153 παρατάξεως
819 1061 915 1130 αῦτοῦ
937 1067 1064 1148 πλησίον
1085 1065 1306 1128 ἐπακολουθῶν

219 1168 311 1244 ἀξίως
323 1170 375 1233 καλ
385 1165 538 1252 εὐτόλμως
549 1168 627 1251 μετὰ
641 1175 776 1253 κραυγῆς
788 1169 838 1232 καί
854 1167 1031 1251 ἀλαλαγμοῦ
1045 1167 1102 1232 σῦν
1115 1167 1220 1254 discip
1235 1163 1303 1230 κατ’

219 1271 321 1336 αὐτῶν
342 1268 523 1356 δρμησιίτω,
551 1273 603 1336 καὶ
620 1267 764 1350 τοῦτους,
795 1272 875 1336 Θεοῦ
894 1270 1026 1358 βοηθείᾳ
1032 1317 1043 1350 ,
1070 1265 1307 1356 τροπωσάμενος

104 1375 135 1426 Ρ.
152 1375 203 1430 132
220 1370 397 1450 κυταδιῶξει
411 1375 461 1438 καί
475 1375 593 1450 τελείως
606 1375 849 1460 καταγωνίσεται,
877 1373 903 1436 εί
918 1363 972 1436 οῦν
988 1373 1068 1437 Θεοῦ
1081 1373 1219 1459 συνεργίᾳ
1234 1369 1305 1436 εῦο-
1315 1383 1352 1438 10

218 1479 310 1562 διαθῇ
333 1473 349 1540 ὅ
371 1476 557 1563 στρατηγὸς,
584 1479 635 1542 κοιλ
658 1475 730 1550 τοῦς
751 1477 793 1550 είς
813 1476 895 1539 λείαν
917 1471 1123 1560 ἐκδραμόντας
1142 1476 1308 1556 πολεμίους

219 1575 507 1666 κατατροπῶσηται,
536 1581 562 1644 εί
574 1579 630 1661 μὲν
642 1576 775 1664 μεγάλην
787 1579 837 1641 καὶ
852 1573 1007 1662 ἀξιόλογον
1021 1579 1158 1641 δουλείαν
1172 1572 1304 1661 ἐργάση-

220 1707 288 1762 ται,
316 1679 394 1757 stede
418 1682 480 1746 ἔστι
503 1680 574 1756 τοῦς
590 1681 722 1768 ίχδροάς
734 1679 810 1768 πρὸς
828 1680 884 1764 τὴν
898 1681 979 1744 ίδίαν
992 1677 1096 1766 χώραν
1110 1670 1305 1765 ῦποστρίψοιι

219 1784 284 1867 μετ)
307 1781 460 1868 αἰσχῦνης.
494 1785 521 1848 εί
545 1784 578 1848 δὲ
599 1783 642 1856 ἔτι
665 1785 697 1849 dv
711 1790 749 1871 τῇ
763 1779 894 1875 ἢμετίρρ
902 1784 1041 1868 χρονίσαι
1056 1787 1219 1865 μελετῶσι,
1247 1779 1304 1845 τὸν

219 1886 299 1950 ἴδιον
335 1886 409 1951 λαὸν
440 1883 456 1952 ὃ
484 1885 654 1973 στρατηγὸς
681 1882 971 1968 ἀναλαμβανόμενος
997 1881 1132 1969 μήκοδεν
1165 1881 1303 1968 γενέσθω
1312 1901 1347 1956 15

217 1993 279 2054 τῶν
302 1990 471 2072 πολεμίων,
499 1991 530 2053 dv
552 1991 729 2073 ἐπιτηδείοις
749 1984 889 2073 δηλονότι
910 1990 1049 2074 χωρίοις,
1077 1988 1127 2052 καλ
1149 1985 1203 2052 τὸν
1225 1985 1317 2051 λαδν

217 2087 313 2156 αῦτοῦ
334 2089 507 2157 κατάκοπον
522 2089 597 2158 ὄντα
618 2094 665 2156 ἐπὶ
679 2090 794 2179 ἡμέρας
808 2099 887 2179 τρεῖς
908 2085 1162 2170 διαναπαυσάτω,
1189 2085 1303 2172 μόνους

217 2193 290 2269 τοῦς
321 2193 503 2282 παραμίνειν
540 2193 733 2283 ῦφείλοντας,
768 2192 810 2271 ῶς
838 2193 898 2279 η’δη
929 2193 1116 2273 δ’ξεάίμεθα,
1151 2191 1303 2258 ἀποστίλ-

218 2301 280 2362 λων
309 2293 420 2385 ίκάστῃ
441 2289 553 2387 ἦμίρρ)
591 2296 668 2386 πρὸς
688 2295 887 2384 ἀποστροφὴν
908 2297 942 2362 δὲ
959 2292 1119 2380 ὁρμῶντας
1141 2291 1301 2370 τοῦτουςδ

217 2400 388 2487 στρατηγὸς
410 2400 547 2484 ἐπιγνοὺς
552 2449 563 2479 ,
590 2402 762 2487 παραυτίκα
778 2395 861 2482 τάχει
880 2403 983 2485 πολλῷ
1005 2396 1138 2482 ἀρχοντα
1150 2403 1212 2468 τῶν
1221 2401 1345 2482 χρη-20

218 2504 316 2582 σίμων
334 2502 529 2581 ἀποστείλας,
558 2501 593 2566 sd
617 2502 733 2581 πεζικὸν
747 2498 920 2588 στράτευμα
934 2503 976 2576 εἷς
987 2500 1045 2575 τὰς
1056 2501 1228 2586 δυσχωρίας
1239 2506 1301 2565 τῶν

217 2599 299 2669 ὁδῶν
321 2592 567 2690 ἕπεσωρευσιίτω·
595 2607 645 2670 καί
670 2603 763 2680 οάτδς
783 2605 816 2668 δί
836 2599 1037 2689 ἀστρατηγδς
1053 2598 1231 2682 σπευσιίτιο,
1257 2601 1298 2686 μῆ

217 2705 251 2768 do
270 2707 353 2770 νυκτί
375 2707 454 2788 μηδὲ
475 2706 507 2770 ίν
526 2702 625 2797 ἦμίρηι
642 2704 750 2773 ἑαυτὸν
764 2711 867 2781 ποσῶς
881 2704 919 2772 ἀν
931 2705 1122 2785 ἀναπαῦσαι,
1151 2705 1229 2770 ἀλλὰ
1245 2705 1301 2768 σῦν

217 2804 302 2891 τάχει
322 2813 425 2895 πολλῷ
447 2806 620 2893 ίμπροσδεν
641 2809 741 2875 αὐτῶν
759 2809 910 2896 γενίσάω,
933 2811 984 2873 καὶ
996 2813 1096 2895 καλῶς
1107 2805 1300 2894 παρασκευά-

218 2931 276 2986 σας
297 2908 378 2975 ἅπαν
399 2910 435 2974 sd
456 2916 518 2975 τῶν
537 2912 633 2990 πεζῶν
648 2913 698 2976 ναὶ
714 2911 826 2978 irrideor
841 2908 935 2978 αῦτοῦ
948 2909 1122 2998 στράτευμα
1127 2957 1140 2994 ,
1166 2909 1222 2976 τὸν
1233 2909 1342 2978 κατ’25

287 3021 328 3077 17.
349 3018 508 3078 κατάκοποι
519 3017 595 3078 ὄντα.
617 3022 678 3077 md.
695 3041 775 3095 supra
787 3021 838 3081 124
852 3027 884 3080 Α.

218 3123 264 3194 qui
280 3125 380 3178 dmirse
395 3125 474 3181 aciem
488 3125 575 3180 videet
593 3144 623 3180 ue
635 3127 795 3197 speculetur,
812 3131 839 3181 et
856 3128 960 3194 dedis,
978 3125 1182 3201 quemadmodum
1199 3141 1227 3177 se
1246 3141 1298 3176 mo-

219 3197 294 3256 veat,
311 3193 358 3246 sibi
376 3196 515 3250 renunciet.
548 3197 579 3248 Si
590 3195 692 3266 globum
704 3215 806 3250 numero
818 3199 976 3268 frequentem
987 3199 1039 3250 dux
1053 3195 1173 3258 offendit,
1190 3191 1233 3262 qni
1251 3193 1298 3244 bo-

218 3261 300 3314 stibus
313 3265 460 3331 praedatum
472 3265 594 3335 dispersis
606 3265 734 3336 praesidio
745 3266 796 3330 sit,
813 3268 931 3320 bituriam
950 3266 1050 3320 diridet
1062 3281 1157 3318 manum
1170 3279 1254 3327 mam,
1272 3265 1299 3313 et

217 3331 310 3449 purtim
324 3335 485 3400 praemittat,
503 3334 548 3405 qui
561 3352 618 3386 cum
630 3336 678 3388 hoe
690 3335 764 3403 globo
777 3353 887 3404 pugnam
902 3335 997 3388 ineunt
1033 3333 1131 3394 Quibus
1150 3331 1299 3399 proelianti-

237 3414 281 3461 us,
298 3399 425 3470 evestigio
439 3401 490 3454 dux
503 3420 604 3473 quoque
617 3422 672 3456 cum
683 3421 729 3457 sna
741 3404 798 3457 acie
816 3404 931 3474 proxime
941 3403 1095 3470 subsequens
1113 3401 1208 3452 aeriter
1220 3407 1298 3468 atque

216 3465 329 3517 animose
340 3485 396 3520 curn
411 3470 521 3524 claruere
535 3477 561 3523 et
573 3471 671 3524 barritu
683 3473 776 3524 cursim
788 3473 816 3525 in
828 3473 884 3525 illos
899 3489 927 3524 se
939 3471 1043 3532 incitet,
1060 3485 1154 3536 eosque
1165 3468 1215 3521 Dei
1226 3469 1299 3521 auxi·

216 3533 250 3586 iio
263 3533 332 3585 susos
346 3547 514 3607 persequetur
528 3557 559 3592 sc
570 3539 684 3592 funditus
696 3541 799 3594 delebit.
834 3539 910 3603 Quod
934 3540 971 3601 si,
988 3537 1086 3590 numine
1103 3536 1298 3601 obsecundante,

215 3602 268 3653 dux
279 3603 346 3655 bene
358 3622 410 3657 rem
444 3607 515 3672 eruit,
533 3609 681 3677 compressis
690 3607 843 3662 adversariis
856 3608 1003 3678 praedatum
1017 3605 1137 3675 egressis,
1150 3604 1172 3658 si
1185 3623 1298 3675 magnum

215 3677 294 3741 utque
311 3671 412 3739 insigne
426 3625 525 3728 iaciens
539 3677 643 3738 effecit,
661 3677 812 3731 credendum
826 3685 866 3730 est
879 3677 964 3730 hostes
976 3693 1031 3727 cunr
1043 3677 1136 3744 probro
1149 3675 1248 3728 domurn
1260 3693 1298 3726 re·

214 3739 323 3791 diturus.
357 3741 410 3794 Sed
420 3743 443 3795 si
458 3745 562 3812 amplius
571 3744 598 3796 in
617 3744 715 3798 ditione
733 3754 822 3799 nostra
839 3743 986 3798 commorari
1006 3749 1164 3808 statuerunt,
1179 3744 1239 3795 'dux
1257 3761 1298 3795 us-

213 3815 298 3861 sumto
309 3827 356 3862 suo
369 3811 468 3878 ugnnine
480 3812 581 3882 longius
596 3813 686 3865 abillis
699 3813 831 3879 discedat,
847 3815 895 3866 hoc
910 3823 949 3865 est
961 3813 986 3866 in
1000 3813 1058 3866 loca
1071 3812 1178 3875 idonea,
1194 3813 1237 3864 ubi
1252 3812 1298 3864 rni-

215 3877 274 3930 iites
288 3894 347 3930 suos
359 3879 515 3949 defatigatos
527 3899 573 3950 per
589 3881 699 3934 triduum
718 3883 831 3948 reficiat,
854 3882 970 3952 solosque
990 3883 1034 3952 qui
1050 3880 1176 3952 speculari
1197 3880 1297 3944 debent,

214 3945 293 3998 sicuti
307 3944 356 4000 ium
371 3951 546 4018 exposuimus,
563 3951 681 4021 quotidie
695 3952 803 4004 emittet
838 3951 937 4004 Atenim
948 3951 994 4004 ubi
1007 3949 1144 4021 cognorit,
1162 3965 1205 4002 eos
1226 3946 1297 4014 signs

215 4014 324 4068 novius
336 4017 458 4070 redermdi
472 4037 563 4082 consu,
581 4019 705 4088 evestigio
724 4037 772 4088 per
783 4021 940 4089 praefectum
957 4022 1090 4102 probatum
1106 4033 1196 4086 magna
1210 4014 1297 4067 celeri-

214 4087 270 4135 tebe
284 4085 386 4138 missum
397 4085 425 4138 iu
442 4089 624 4158 asperitatibus
644 4089 743 4142 viarum
758 4089 891 4159 pedestres
909 4106 996 4156 coprus
1013 4091 1171 4158 congreget:
1192 4083 1298 4153 ipseque

214 4149 268 4202 dux
278 4156 433 4221 connitatur,
449 4164 478 4211 nt
489 4175 571 4228 neque
584 4161 659 4211 nocte
670 4175 753 4228 neque
764 4157 874 4212 interdiu
890 4169 987 4228 partem
1000 4159 1074 4212 ulium
1094 4153 1179 4224 cupiat
1199 4152 1299 4222 qnietis,

216 4219 263 4270 sed
277 4223 409 4279 celeritate
421 4227 528 4282 maxims
538 4245 581 4281 eos
594 4233 760 4310 praecurrat,
782 4233 809 4280 et
821 4228 943 4282 universis
955 4225 1117 4299 pedestribus
1130 4221 1300 4294 equestribus-

216 4303 265 4355 que
279 4292 362 4361 copiis
375 4295 440 4348 bone
460 4305 620 4368 praeparetis
635 4297 822 4352 dimicationem
835 4299 956 4353 adversus
970 4299 1026 4352 illos
1040 4296 1164 4356 instruat,
1182 4289 1300 4362 qnernsd·
