2786 4620
376 303 436 369 AD
458 299 742 372 NlCEPHORUM
762 303 953 370 PHOCAM.
1116 295 1189 373 359

8 455 9 472 ¹
90 460 172 538 lati,
195 455 242 533 29)
265 459 382 535 criniti,
404 459 492 519 talari
509 460 612 520 tunica
634 460 732 520 induti
752 481 842 540 penes
862 481 917 520 nos
937 459 1087 540 equitant,
1109 464 1189 540 iace

90 563 191 637 dont,
213 582 330 621 mensae
343 562 483 640 assident,
505 573 543 638 et,
565 564 645 642 quod
659 563 768 624 nostris
784 563 921 622 omnibus
935 563 1024 625 nimis
1040 575 1128 645 turpe
1142 568 1188 626 vi·

7 655 9 708 i
90 664 201 739 detur,
222 663 282 744 ipai
302 663 360 724 soli
377 665 472 744 capite
494 676 597 746 operto
613 667 808 746 Imperatores
833 673 950 726 nostros
970 665 1187 730 deosculantur.

91 765 186 839 Quod
200 787 263 824 non
279 766 406 846 amplius
422 765 487 828 fieri
504 768 581 828 Deras
594 768 763 849 permittat,
784 767 893 828 tacitus
911 767 985 830 dixi.
1029 769 1216 832 Reverterec

89 887 181 945 ergo,
207 867 323 947 inquit:
346 869 429 948 qnod
449 890 517 930 cum
532 871 676 950 facerem,
700 879 865 930 occurrunt
882 869 956 928 mihi
971 871 1117 932 commisti
1133 893 1185 931 ca-

88 969 188 1048 preis,
218 989 291 1048 quos
319 970 378 1050 ipsi
403 969 525 1050 dicunt,
555 973 666 1050 onagri.
717 971 777 1032 Sed
805 991 910 1050 quaeso
933 972 1035 1050 quales
1059 974 1183 1052 onagri?

50 1131 52 1139 ,
92 1071 200 1150 quales
214 1081 283 1130 sunt
298 1072 457 1130 Cremonae
473 1071 634 1133 domestici.
677 1075 767 1134 Color
779 1073 868 1148 idem,
890 1074 985 1132 sonna
1001 1075 1111 1148 eadem,
1133 1095 1183 1132 au-

92 1172 149 1231 riti
170 1173 288 1249 itidenr,
309 1175 429 1234 vocales
451 1174 588 1234 similiter
609 1175 803 1236 contrudere
823 1172 991 1255 incipiunt,
1012 1175 1182 1253 magnitudo

91 1294 155 1332 non
170 1274 286 1355 dispar,
307 1275 450 1336 velocitas
469 1296 547 1352 uns,
568 1276 670 1336 dulces
690 1276 897 1355 lupinaeque,
921 1297 1082 1355 quoscum
1099 1276 1181 1338 ride.

90 1393 171 1452 rem,
188 1376 370 1456 co'e'quitanti
384 1378 497 1438 Graeco
511 1378 650 1456 inquam:
677 1376 847 1437 huiusmodi
858 1399 1018 1456 numquam
1038 1379 1071 1436 in
1085 1381 1181 1436 Saxo·

90 1476 141 1536 nia
154 1478 225 1538 vidi.
270 1478 318 1556 Si,
339 1479 453 1558 inquit,
473 1479 617 1540 Dominus
637 1489 707 1540 tuus
723 1482 832 1540 Sancto
853 1478 1030 1558 Imperatori
1048 1478 1178 1555 morige-

88 1587 173 1639 ratus
188 1580 295 1657 fuerit,
318 1582 428 1640 multos
440 1580 486 1640 itn'
501 1581 674 1641 huiusmodi
691 1580 790 1658 dabit,
817 1581 930 1660 eritque
942 1579 988 1638 illi
1002 1598 1065 1638 non
1084 1599 1178 1658 parva

89 1682 198 1759 gloria,
225 1683 371 1764 cumipse
385 1683 565 1764 possidebit,
589 1683 669 1762 quod
685 1702 773 1742 nemo
788 1682 976 1742 dominorum
991 1681 1177 1740 decessorum

87 1801 210 1842 suorum
227 1782 314 1842 vidit.
359 1784 416 1844 Sed
436 1783 510 1843 mihi
524 1785 635 1845 credite
649 1783 769 1845 Domini
782 1782 840 1842 mei
853 1783 995 1860 Augusti,
1027 1783 1176 1842 confrater

87 1892 117 1941 et
142 1885 343 1965 coepiscopus
371 1905 453 1946 meus
482 1886 624 1946 Dominus
648 1886 796 1946 Antonius
815 1893 914 1965 potest
937 1904 1000 1943 non
1022 1883 1207 1946 inferiorern

86 1983 173 2062 dare,
200 1995 234 2045 ut
253 1988 428 2048 commercia
443 1997 604 2067 testantur,
623 1989 791 2067 quaetiunt
806 1990 981 2050 Cremonae:
1010 1995 1098 2064 atque
1116 1985 1176 2065 ipsi

86 2088 292 2166 monagri,
316 2091 368 2148 sed
387 2088 541 2150 domestici
548 2111 558 2166 3
586 2111 648 2148 non
665 2091 771 2167 vacui,
794 2091 848 2150 sed
862 2087 975 2150 onerati
996 2087 1174 2168 procedunt.

88 2187 232 2248 ealcum
253 2209 285 2249 ea
307 2192 444 2272 superius
464 2191 576 2272 scripta
597 2192 686 2250 verba
703 2193 784 2252 idean
804 2189 972 2270 Nicephoro
994 2188 1171 2263 nunciasset,

86 2291 266 2351 transmissis
285 2292 358 2352 milri
373 2293 488 2353 duabus
506 2290 638 2370 capreis,
660 2300 695 2349 ut
715 2293 824 2352 abirem
839 2291 990 2350 licentiam
1005 2285 1097 2346 dedit.
1136 2286 1172 2345 In

86 2393 251 2452 crastinum
272 2405 370 2454 autem
392 2396 508 2476 Syriam
528 2412 631 2452 versus
650 2393 811 2472 proiectus.
853 2391 912 2452 Sed
936 2409 990 2448 cur
1008 2386 1171 2448 exercitum

83 2513 167 2553 rrunc
186 2494 218 2554 in
231 2495 366 2576 Assyrios
386 2497 523 2572 duxerit,
547 2515 653 2575 quaeso
674 2494 828 2556 advertite.
875 2491 993 2552 Habent
1015 2487 1121 2549 Graeci
1142 2496 1172 2548 et

83 2597 223 2656 Saraceni
244 2598 352 2674 libros,
382 2619 455 2678 quos
478 2593 610 2680 ὁράσεις,
639 2597 701 2658 sive
724 2598 853 2659 visiones
884 2593 1013 2654 Danielis
1041 2598 1169 2664 vocent3

84 2719 139 2778 rgo
161 2711 256 2760 sutem
272 2700 448 2780 Sibyllinos=
470 2700 623 2778 inquibus
640 2700 784 2778 scriptum
804 2697 966 2777 reperitur,
989 2701 1068 2772 quot
1084 2689 1169 2750 annis

82 2803 248 2880 imperator
266 2803 389 2881 quisque
408 2803 504 2862 vivat:
527 2821 601 2881 quae
621 2801 681 2860 sint
693 2803 807 2876 sutura,
829 2819 864 2858 oo
878 2797 1075 2876 imperitante,
1096 2801 1170 2858 tem·

81 2925 176 2998 pora,
205 2925 283 2984 pax,
302 2925 341 2963 an
363 2905 513 2979 simultas,
534 2903 680 2962 secundae
697 2905 909 2964 Saracenorum
932 2919 979 2958 res
1000 2917 1038 2954 an
1060 2893 1169 2953 adver-

81 3029 140 3070 sae.
183 3009 303 3087 Legitur
316 3007 433 3084 itaque,
455 3004 545 3064 huius
556 3003 715 3086 Nicephorr'
728 3002 915 3084 temporibut
926 2997 1063 3076 Assyrios
1078 2996 1198 3052 Grae-E
1283 3027 1289 3041 ι

83 3111 126 3169 cis
149 3131 213 3170 non
228 3130 315 3190 posse
327 3111 477 3185 resistcre,
498 3106 638 3183 huncque
652 3107 807 3186 septennio
825 3111 942 3162 tantuna
960 3098 1079 3158 vivere:
1099 3101 1169 3174 post

82 3214 167 3272 cuius
183 3213 296 3274 obitum
313 3211 520 3291 Imperatorem
532 3208 589 3266 isto
605 3207 780 3267 deteriorem
799 3201 865 3289 (sed
877 3205 967 3261 timeo
984 3197 1067 3278 quod
1082 3195 1166 3255 inve«

81 3315 142 3376 niri
161 3336 224 3374 non
244 3311 349 3395 possit)
372 3323 402 3371 et
421 3311 511 3389 magia
529 3310 676 3368 imbellem
696 3309 802 3368 debore
823 3323 957 3383 surgere,
987 3299 1072 3359 cuius
1088 3307 1168 3356 tem-

81 3416 205 3495 poribus
216 3417 383 3495 praevalere
391 3414 499 3474 debent
513 3411 585 3472 adeo
597 3411 721 3490 Assyrii,
732 3420 768 3470 ut
780 3411 812 3468 in
823 3402 1050 3467 Chalcedoniam
1063 3417 1164 3477 usquo,

80 3537 159 3595 quae
178 3517 268 3576 distat
290 3513 546 3593 Constantinopoli
566 3513 645 3571 haud
668 3515 771 3590 longe,
791 3509 969 3592 potestative
989 3510 1097 3562 cuncto
1112 3497 1165 3558 de-

81 3619 173 3678 beant
186 3617 327 3678 obtinere
371 3616 562 3676 Consideraut
578 3615 655 3674 enim
671 3615 786 3695 utrique
800 3625 950 3692 tempora,
971 3627 1031 3666 une
1046 3601 1164 3661 eadem-

80 3738 143 3801 que
164 3739 198 3778 ro
220 3721 323 3778 Graeci
339 3719 460 3778 animati
482 3717 698 3798 insequuntur,
713 3716 850 3778 Saraceni
869 3707 1016 3792 desperati
1038 3725 1100 3763 non
1117 3719 1165 3760 re-

80 3823 208 3880 sistunt:
231 3830 353 3900 tempus
376 3829 580 3900 expectantes,
610 3841 677 3880 curn
697 3827 728 3878 et
750 3816 809 3900 ipsi
827 3816 1038 3891 insequantur,
1060 3800 1166 3864 Graeci

80 3921 188 3982 iterum
201 3919 474 4005 nonresistum³⁰).
496 3923 553 3982 Sed
561 3922 740 4003 Hippolytus
750 3917 868 3996 quidam
877 3910 1038 3973 Siciliensis
1046 3907 1167 3988 Episco-
1185 3903 1215 3954 P.
1233 3901 1283 3958 485

80 4045 138 4104 i'¹¹³
158 4025 260 4084 ⁶³de
277 4025 415 4106 scripsit,
436 4034 465 4084 et
484 4024 520 4084 de
536 4024 661 4104 Imperio
679 4031 794 4097 vestro,
816 4029 847 4078 et
862 4027 948 4097 gente
968 4023 1084 4087 nostra,
1106 4029 1158 4069 no·
1179 3976 1270 4031 ⁰⁰¹*
1383 4039 1385 4098 ss

43 4281 46 4288 ,
103 4224 152 4291 29)
175 4222 376 4292 maeonii.
402 4225 480 4277 can.
555 4223 604 4291 eo)
629 4222 697 4276 tuas
713 4214 1029 4274 interamnanam.
1054 4209 1129 4264 can.
