2780 4626
404 281 634 354 HISTORIAE
654 285 709 357 vi
738 295 790 360 12.
1067 279 1140 352 109

46 453 99 518 τὸν
109 447 253 538 λογάδας
266 447 472 538 συνειληφώς,
500 449 578 540 πρδς
589 451 723 543 τὴντῶν
741 451 884 521 ἐναντίων
902 450 1039 540 ἠπείγετο
1059 474 1140 537 σαμ-
1151 461 1180 511 A·
1193 462 1221 511 c·
1232 461 1285 516 970

46 553 173 640 πλοκήν.
217 557 269 620 καὶ
291 554 331 638 δὴ
349 550 494 639 Ἰωάννην
514 554 570 621 τὸν
578 554 694 620 :staec
708 557 897 638 είσκαλέσας,
925 559 967 632 είς
986 579 1141 622 κατασκο-
1173 531 1258 585 1.1.1

46 659 105 742 τὴν
119 658 313 738 ἀπέστειλεν,
341 655 486 744 άθρῆσαί
495 682 529 722 τε
543 657 618 734 τούς
633 655 776 740 Σκύθας,
805 662 855 726 καί
875 655 911 724 τὸ
924 665 981 724 τοῦ
996 656 1167 744 πλήθουςῦ

47 757 167 826 είκάααι
188 759 305 839 ποσὸν,
333 761 386 824 καί
408 759 488 826 καθ’
512 757 548 825 ὃν
569 759 735 840 αύλίζοιπο
753 759 866 844 τύπον,
894 764 945 826 καί
965 757 1025 843 dm
1041 759 1141 850 πράτ-

28 883 146 936 ετοιεν·
173 863 301 945 πέμπειν
322 887 357 926 τε
378 861 437 945 τὴν
458 863 603 946 ταχίστην
621 860 663 940 ὥς
682 862 793 946 αύτδν,
822 867 872 930 καί
887 860 988 930 πάντα
1003 867 1141 950 διαγγέλ-

50 972 109 1032 λων
115 1015 129 1047 ,
159 961 202 1040 ὥς
218 961 418 1045 συσκευάσοι,
445 967 495 1030 καί
510 963 627 1043 ἐκτάξαι
641 967 697 1052 τὴν
714 967 861 1054 στρατιάν
879 967 957 1054 πρὸς
975 966 1030 1033 τίεν
1048 965 1141 1034 πάλτ-

47 1095 119 1152 μον.
166 1064 309 1149 Ἰωάννης
330 1067 380 1145 δὲ,
407 1066 481 1143 τοδς
502 1063 667 1151 ἑπομένους
693 1067 828 1156 λογάδας
850 1069 1017 1158 ἀνειληφὼς
1021 1099 1035 1152 ,·
1060 1071 1142 1137 κατά

46 1163 151 1252 τάχος
174 1169 224 1234 ἐπὶ
241 1169 310 1244 τούς
331 1165 462 1246 Σκύθας
486 1168 658 1238 ῗππάσατο·
683 1179 723 1260 τῇ
747 1175 783 1240 δὲ
799 1169 946 1264 ύστεραίηι
973 1173 1058 1260 παρὰ
1084 1174 1140 1240 τδν

48 1270 240 1359 Μάγιστρον
257 1272 388 1352 στέλλει,
415 1271 603 1340 ἐπισπεύδων
617 1281 727 1341 τοῦτον
749 1276 869 1342 ἱκέσθαι
890 1275 968 1358 μετὰ
987 1283 1044 1342 τοῦ
1060 1273 1140 1364 πλή-

13 1382 155 1449 λῠθονς·
177 1373 222 1457 μὴ
240 1371 345 1461 πάρρω
359 1373 434 1461 γάρ,
463 1375 536 1440 ἀλλ’
553 1371 698 1462 ἐγγύθεν,
722 1379 795 1455 τοδς
808 1377 936 1454 Σκύθας
952 1378 1137 1459 αὐλίζεσθαι.

53 1474 134 1558 ὅδὲ,
163 1483 225 1542 τῶν
237 1474 385 1542 τοιούτων
398 1476 496 1563 λύγων
518 1477 699 1560 διακαύσας,
713 1477 815 1568 ,τριχῆ
835 1481 980 1558 διατάξας
999 1481 1055 1564 τὴν
1075 1479 1138 1568 φά-

54 1585 167 1664 λαγγα,
195 1583 234 1665 τῇ
254 1580 311 1661 μὲν
331 1579 498 1666 ἐφέπεσθαι
523 1578 701 1668 παρήγγειλε
726 1583 805 1648 κατὰ
826 1583 985 1672 μέτωπον,
1012 1593 1081 1658 ταῖς
1105 1585 1140 1648 δέ

52 1683 132 1746 κατὰ
150 1681 223 1755 τούς
244 1683 423 1767 ίγκαρσίους
442 1687 627 1772 προλοχίζειν
654 1684 810 1772 δρυμούς·
840 1692 1008 1770 τηνικαῦτα
1028 1687 1064 1751 δέ
1083 1691 1138 1770 τῆς
1153 1696 1185 1751 Ρ.
1201 1701 1236 1756 67

52 1785 176 1871 ἐνέδρας
193 1785 355 1867 διεκθέειν,
383 1781 510 1870 ὁπηνίκα
527 1793 583 1871 τῆς
604 1784 776 1874 σάλπιγγος,
798 1787 834 1853 τά
856 1786 994 1856 ἐνυάλιον
1008 1784 1140 1872 ἐπηχού-

18 1903 126 1970 ϋσης,
155 1883 357 1953 διακούσαιεν.
392 1893 492 1954 ταῦτα
503 1900 568 1966 τοῖς
582 1894 721 1977 λοχαγοῖς
739 1889 1054 1979 παρακελευσάμενος,
1081 1917 1139 1957 κα-
1171 1890 1174 1896 ’

49 1989 91 2053 τά
119 1986 221 2071 στόμα
249 1999 316 2065 τοῖς
344 1987 485 2067 Σκύθαις
511 1990 646 2078 ἀντεπῄει
653 2044 664 2076 ,
699 2000 852 2082 κραταιῶς
880 1994 1136 2080 διαγωνιζόμενος.

48 2091 234 2156 ἐπλεονέκτει
255 2093 289 2156 δὲ
306 2090 420 2176 πλήθει
442 2093 479 2160 τδ
502 2093 678 2182 στράτευμα
698 2103 761 2163 τῶν
782 2098 941 2178 ἐναντίων,
969 2095 1045 2183 ύπέρ
1064 2097 1139 2173 τοδς

34 2194 254 2281 ’τρισμυρίους
267 2201 386 2259 τελοῦν·
414 2195 445 2261 οἳ
457 2196 516 2282 γάρ
531 2204 575 2286 τῷ
588 2201 763 2286 Μαγίστριρ
782 2198 1032 2285 συνεφεπόμενοι,
1060 2199 1139 2280 μετὰ

47 2303 116 2362 τῶν
131 2292 248 2378 λόχων,
276 2294 312 2360 ού
325 2297 446 2373 πλέονες
460 2306 521 2364 τῶν
532 2301 652 2386 μυρίων
666 2299 838 2385 ἐτύγχανον.
872 2306 929 2383 τῆς
949 2303 982 2364 δέ
998 2305 1137 2380 συμπλο-

17 2405 108 2483 εαιεῆς
129 2397 291 2484 γενομένης
302 2399 373 2485 παρ’
389 2399 582 2489 ἀμφοτέρων,
598 2400 725 2470 ἐπιπτσν
736 2402 766 2468 oi
779 2399 995 2490 recensuissem.
1029 2402 1138 2466 ἐνταῦ-

48 2507 97 2567 θα
114 2501 153 2584 δὴ
167 2501 282 2586 λέγεται
296 2509 359 2567 τῶν
369 2525 442 2568 τινα
456 2509 607 2585 Σκυθῶν,
634 2504 713 2593 άλκῇ
731 2507 782 2570 καλ
799 2502 943 2587 σώματος
962 2503 1041 2593 ὄγκῳ
1061 2528 1140 2588 γαυ-

52 2599 209 2690 ρούμενον,
229 2610 287 2686 τῆς
302 2604 384 2692 ἄμφ’
402 2602 495 2672 unicis
510 2605 716 2695 ἀποκριθέντα
734 2605 891 2696 φάλαγγος
905 2609 1082 2686 ἐξιππεῢσαί
1092 2631 1135 2688 τε,

52 2709 166 2793 καὶτῷ
189 2702 304 2796 Βάρδηι
324 2709 514 2795 ἐπιδραμεῖν,
543 2712 593 2774 καί
615 2713 693 2798 ξίφει
713 2717 825 2776 τοῦτον
844 2715 955 2794 πλῆξαι
977 2699 1059 2776 κατά
1080 2716 1165 2794 τῆςΒ

52 2806 204 2896 κόρυθος·
237 2808 325 2894 κενὴν
346 2812 381 2877 δέ
397 2813 539 2897 γενέσθαι
561 2811 618 2900 τὴν
642 2819 698 2880 τοῦ
722 2816 829 2902 ξίφους
849 2813 1029 2902 καταφορὰν
1034 2861 1046 2896 ,
1069 2819 1136 2909 Γτοῦ

117 2973 148 3056 θ.
171 2968 304 3044 άθροῖσαί
317 2973 377 3031 ced.

51 3115 79 3166 ut
87 3112 272 3167 enubentibus
285 3111 443 3167 decerneret.
475 3113 644 3184 losnncmque
660 3113 739 3169 λίοοα
752 3113 903 3168 advocatum
916 3113 1064 3186 speculandi
1075 3129 1136 3182 gre·

1 3195 2 3198 ’
49 3183 86 3235 t'n
98 3199 155 3236 cum
167 3182 297 3235 mundetis
314 3182 460 3251 praemisitr
476 3185 644 3248 „observaret
657 3185 782 3252 Scythes,
799 3183 832 3236 de
846 3201 931 3236 eornm
952 3199 1054 3236 numero
1074 3201 1137 3234 con-

49 3249 171 3305 iecturum
192 3253 308 3314 feceret,
325 3259 352 3304 et
369 3267 418 3320 quc
436 3251 464 3304 iu
485 3252 541 3304 loco
562 3252 749 3317 consedissent,
774 3253 886 3321 quidque
902 3259 1026 3321 agerent:
1045 3251 1138 3320 quibus

1 3329 2 3342 ³
49 3336 107 3402 μ’
108 3319 296 3442 mitrii*
291 3319 1139 3457 diffiteberisstbbtt¹³¹2¹¹²1tnb⁰³tttntt

49 3405 147 3520 iffi»,
162 3458 208 3527 qui
221 3459 403 3526 sequebantur,
420 3457 539 3511 celeriter
552 3460 585 3512 sd
597 3459 709 3526 Scythes
720 3428 866 3528 adequitatr
917 3425 1008 3510 stridiie
1022 3458 1140 3511 eiusdiei

49 3527 83 3578 sd
93 3525 248 3594 Magistrum
259 3525 364 3578 militium
376 3525 467 3579 mittit:
486 3528 611 3592 bortsmr,
629 3527 737 3590 „veniat
749 3543 803 3579 curn
815 3526 842 3578 vi
852 3527 884 3580 be
904 3526 927 3589 ’ς
945 3543 995 3579 non
1006 3526 1081 3596 longe
1092 3528 1140 3580 sb-

51 3611 106 3647 oese
118 3593 231 3658 Ιλαιεοες
250 3595 356 3664 propius
369 3602 453 3648 cestre
465 3595 586 3650 bsbere.”
621 3595 721 3659 Quibus
741 3595 850 3660 ruditis,
868 3595 1006 3648 exercitum
1022 3595 1139 3665 triperti-

51 3669 93 3715 tur
103 3663 221 3716 Burdesr
238 3671 337 3732 purtem
348 3663 431 3717 medio
447 3663 541 3717 itinere
554 3664 626 3734 sequi
640 3681 669 3716 se
682 3665 767 3728 iubet,
785 3664 849 3716 dues
862 3663 957 3716 alteras
972 3679 1020 3734 per
1040 3681 1143 3719 nemore

1 3767 3 3810 i
49 3731 159 3784 thtere
172 3731 276 3785 obiecta
291 3731 376 3786 locst:
393 3732 488 3796 edicit,
505 3749 556 3796 „ex
568 3731 666 3786 insidiis
679 3738 820 3804 ersuupant,
837 3731 910 3786 simui
922 3749 953 3784 nc
964 3734 1057 3798 tubae,
1073 3733 1156 3786 clus-¹

1 3838 2 3844 π
51 3799 129 3852 dem
144 3801 276 3865 cementis,
293 3801 402 3854 sonitum
412 3800 569 3854 audissent.''
604 3801 680 3864 Ques
697 3817 754 3854 cum
771 3800 881 3854 tiburis
895 3801 1054 3865 mandasset,
1071 3807 1144 3856 recte

50 3867 76 3919 in
88 3868 187 3922 Russus
205 3869 296 3922 redit:
311 3871 417 3923 fortiter
433 3870 557 3939 praelium
573 3868 714 3924 committit.
748 3869 894 3939 Supersbst
915 3869 1078 3923 multitudine
1094 3870 1142 3924 bo-

51 3936 117 3989 rtiiis
126 3937 272 3996 erucitus.
290 3938 387 4008 quippe
401 3940 429 3991 in
440 3955 490 4022 ηοο
506 3956 584 4020 συρτει
597 3939 631 3992 tri
651 3939 705 3991 'nte
716 3938 796 3992 millis
816 3939 965 3992 bellntorum
976 3955 1143 3994 numeraren-

1 3975 3 4052 ί
51 4009 103 4058 ur:
119 4006 224 4060 Brrdse
235 4004 345 4070 milites,
360 4007 469 4060 cumbis
481 4009 525 4078 qui
539 4025 567 4060 ιιι
579 4007 628 4060 insi
646 4007 678 4060 iis
690 4007 818 4073 latebunt,
835 4007 868 4060 sd
880 4006 966 4060 decies
977 4006 1044 4061 mille
1057 4013 1140 4070 erent,

1 4079 2 4100 ί
51 4088 96 4126 uec
113 4075 231 4144 emplius.
264 4075 320 4128 Iam
335 4077 404 4128 inter
418 4076 482 4128 durs
496 4075 565 4129 sedes
581 4077 693 4129 cominus
713 4092 754 4128 res
774 4077 927 4146 gerebatur,
951 4076 1030 4128 ccede
1047 4074 1140 4127 fortic-

1 4155 2 4196 1
50 4155 103 4194 tum
116 4144 204 4207 nce,
222 4159 279 4197 cum
293 4145 431 4197 Russorum
445 4143 537 4214 siiquis
548 4146 599 4214 (sic
611 4145 678 4198 tems
692 4145 839 4214 perhibet),
854 4145 953 4197 viribus
964 4143 1140 4210 vestitcteque

243 4297 299 4335 esus
381 4299 396 4336 ο
421 4299 459 4336 sn
479 4301 487 4338 ι
566 4299 650 4338 ruanis
831 4300 858 4348 s,
