2780 4658
286 278 345 328 ιιι
718 267 755 348 o.
777 269 812 336 n.
833 267 950 342 msu
1013 236 1019 245 ’

289 426 503 510 cognitionem,
531 421 752 510 editionemque
772 427 927 510 utriusque
945 425 1111 493 edormsce.
1153 429 1236 505 Quin
1256 427 1351 511 ipse

286 529 377 592 hebet
390 533 471 592 notis
486 529 655 596 adducor.
671 532 783 595 noviss.
794 531 935 596 Biblioth.
946 533 1086 600 Graecor.
1101 535 1179 598 Patr.
1188 532 1287 594 Paris.
1307 531 1376 596 167

285 655 316 715 p.
331 635 403 702 545.
417 633 594 695 subhorrida
604 633 652 717 (ut
663 635 840 716 plerumque
851 635 1000 696 incomtue
1015 647 1059 696 est
1069 637 1101 697 in
1112 635 1243 698 oratione
1254 629 1373 693 Latin

192 740 224 797 P.
238 743 272 797 1v
289 735 396 805 Pltotii
416 735 541 795 technae
556 738 716 818 malaeque
737 749 818 796 arteo
838 759 907 796 cum
927 739 986 796 olii
1004 742 1160 818 prosecuti
1180 747 1251 796 eunt
1280 734 1376 794 Gra

286 840 446 919 aequales,
476 850 533 898 aut
544 862 662 920 parum
682 861 847 920 cuppane,
875 851 942 898 tum
961 861 1045 900 mene
1063 840 1235 922 Logothetu
1257 835 1348 918 [hic
1374 861 1376 884 ι

285 943 406 1002 Simeon
420 945 558 1021 magister
574 952 604 1002 et
618 940 796 1022 Logothete,
819 941 856 1002 de
875 961 933 1020 quo
947 942 1061 1002 Harles.
1083 943 1145 1004 vlt.
1164 943 1237 1010 471.
1265 939 1354 1020 C.],

284 1045 426 1127 quando,
444 1066 522 1125 paee
535 1047 633 1105 leniae
647 1049 817 1128 aspirante,
840 1063 877 1102 ao
893 1042 1154 1104 Christianis-simo
1169 1047 1253 1126 Rege
1273 1063 1376 1121 uem]

283 1149 411 1223 victore,
434 1149 535 1226 Regia
557 1150 705 1227 Lapara,
727 1147 875 1206 historiae
895 1149 1086 1222 Byzantinae
1102 1167 1200 1226 paene
1218 1164 1376 1204 noceo-sae

284 1249 505 1328 cupplemento,
526 1271 595 1310 cum
609 1253 716 1310 ¹Leone
736 1250 892 1310 Diacono·
904 1258 932 1306 et
951 1247 1100 1308 Michct'le
1117 1248 1237 1324 'Peello‚
1267 1246 1376 1325 regin

284 1373 352 1410 vere
367 1333 533 1430 multipliii
546 1354 636 1412 titulo
648 1361 870 1432 argumentum,
887 1335 967 1408 iuris'
972 1351 1094 1430 publici
1109 1352 1195 1430 regia
1209 1347 1376 1427 neunifice

286 1456 333 1510 tia
349 1456 474 1531 faciat:
504 1477 540 1514 ne
564 1456 626 1515 eibi
645 1477 702 1535 per
719 1473 826 1540 morae
843 1456 1005 1529 Batavus,
1035 1464 1092 1510 aut
1106 1474 1182 1532 gens
1203 1453 1292 1528 alia,
1333 1469 1376 1508 ea

283 1557 419 1634 gloriam
431 1560 545 1638 rapiat.
587 1557 646 1616 Sed
658 1579 683 1617 e.
702 1533 793 1623 1’679.
808 1577 824 1615 u
838 1555 900 1617 vite
914 1555 1051 1615 discessit
1063 1553 1267 1630 Combefisius,
1293 1552 1376 1632 deq]

287 1658 403 1718 duobus
418 1659 508 1718 tomis
524 1658 656 1720 Auctorii
672 1658 829 1740 Byzantini
838 1703 846 1734 ‚
867 1679 942 1738 quos
958 1657 1089 1718 edendos
1104 1656 1159 1717 sibi
1176 1675 1376 1737 proposuere

287 1779 326 1820 ne
340 1760 468 1840 priorem
490 1761 610 1841 quidem
635 1761 917 1843 potuitdivu'lgsre.
959 1761 988 1822 Is
1013 1758 1301 1839 enim,·soriptores
1324 1777 1376 1837 po

288 1861 498 1943 Theophanem
514 1863 688 1940 continens,
710 1863 939 1923 Constantinum
953 1863 1245 1944 Porphyrogeneum
1264 1859 1347 1920 dico
1366 1880 1376 1918 ι

286 1965 351 2026 viu
358 1965 470 2043 Basilii,
484 1964 727 2026 continuatorem
738 1964 1124 2046 anonymumeeophcnis,
1135 1963 1276 2024 Ioannem
1285 1963 1376 2021 Cone

285 2067 407 2144 nietam,
432 2066 592 2146 Georgium
604 2067 793 2145 monachum,
816 2067 905 2142 elios,
927 2087 989 2125 non
1002 2065 1059 2126 nisi
1075 2065 1217 2126 sexennio
1230 2075 1315 2147 poet,
1344 2083 1376 2124 οι

285 2179 372 2231 rente
387 2170 557 2230 Sebastiano
572 2169 693 2230 Msbre-
702 2169 862 2249 Gremoisy,
885 2187 924 2227 ex
935 2167 1132 2249 typographio
1146 2169 1235 2248 Regin
1248 2189 1275 2232 e.
1294 2171 1376 2236 168.Ι

285 2272 319 2332 in
339 2273 438 2332 lucem
458 2273 595 2354 prolutus
615 2279 668 2332 est.
693 2271 816 2332 ‚eonio
836 2271 976 2346 alterius,
1005 2271 1132 2330 Leonem
1147 2270 1376 2348 Micheilech

285 2375 415 2435 Psellum
433 2374 637 2454 compiexuri,
658 2395 753 2454 prope
774 2373 895 2451 triginta
909 2373 994 2432 ennio
1010 2381 1079 2452 post
1099 2375 1261 2432 commisse*
1272 2381 1324 2431 est
1338 2373 1375 2432 M

285 2474 383 2536 cbeili
408 2477 449 2534 Le
464 2477 594 2550 .Quien,
631 2495 669 2534 ex
695 2474 813 2534 schedis
844 2474 1063 2534 Combeiisionis
1094 2473 1288 2539 adornanda:
1327 2475 1376 2536 vie

283 2575 413 2636 Eoberd
429 2577 590 2657 Scriptorr.
604 2577 720 2637 ordinis
734 2576 933 2637 Praedicator.
946 2577 982 2638 IL
997 2577 1069 2643 684.
1086 2577 1116 2636 (L
1128 2575 1190 2637 Nec
1211 2575 1352 2655 segniter
1369 2575 1376 2634 i

284 2697 316 2737 ee
332 2677 370 2737 ed
387 2697 463 2758 opus
480 2679 623 2756 admovit,
644 2678 687 2737 ite
699 2680 800 2740 utLeo
815 2680 849 2739 in
863 2678 1061 2772 typographia
1071 2677 1159 2756 Regio
1172 2679 1311 2738 formulis
1331 2677 1376 2737 ier

284 2789 407 2860 coeptus
432 2780 472 2840 eit
493 2781 636 2856 describi,
657 2781 780 2861 ipseque
794 2783 834 2840 Le
848 2781 946 2855 Quion
967 2780 1010 2840 sio
1031 2779 1139 2838 hubent
1154 2779 1271 2842 Orient.
1295 2779 1376 2840 Chri

284 2881 371 2940 stiun.
393 2880 417 2939 Ι.
442 2883 516 2948 255.
534 2884 574 2944 D:
598 2885 683 2962 Quae
691 2887 761 2946 ,L'eo
776 2877 939 2944 Diaconos
959 2884 1049 2960 refert
1063 2885 1097 2938 in
1111 2883 1276 2959 Historia,
1296 2884 1376 2944 curie

279 3003 359 3063 pure
373 2987 454 3064 typis
469 2986 578 3066 Regiie
594 2989 659 3046 iam
678 2983 762 3045 edita
779 2997 830 3046 eet.
871 2985 988 3046 Atsnim
1006 2984 1170 3044 intervenit
1192 2986 1376 3066 impressius

283 3085 492 3165 ingravescens
510 3088 638 3166 boilum,
669 3087 750 3168 quod
770 3089 807 3147 de
829 3087 1040 3168 Hispaniarum
1059 3087 1245 3147 successione
1267 3097 1376 3166 gestu!

284 3197 346 3265 est,
368 3191 607 3270 comitiumque,
628 3200 662 3250 ut
682 3190 785 3250 scribit
801 3189 955 3250 Ecberdus
976 3190 1117 3266 locuit,
1140 3187 1226 3269 quod
1236 3187 1376 3248 Mchaet

284 3292 330 3350 Le
354 3293 450 3369 Quien
479 3295 672 3350 commissum
697 3293 1000 3372 erotexequendum,
1030 3296 1152 3371 iamque
1175 3295 1256 3370 typie
1276 3293 1376 3373 Regii

284 3395 453 3470 inceptum,
477 3393 552 3452 bello
564 3403 631 3450 tum
650 3397 796 3454 atrociori
813 3395 926 3473 ubique
934 3396 1096 3475 flagrante
1117 3397 1324 3473 interruptum
1347 3415 1376 3452 ee

285 3513 323 3552 ac
339 3494 508 3572 prolatum.
551 3495 628 3573 Ergo
645 3515 741 3575 neque
757 3496 926 3556 combefisii
945 3519 1036 3578 opere
1055 3515 1153 3576 neque
1169 3493 1338 3574 Lequienii,
1362 3517 1376 3554 e

285 3599 377 3661 1733.
391 3597 452 3656 vita
466 3597 578 3673 functi,
600 3598 690 3658 Leoni
705 3597 805 3678 potuit
816 3597 966 3680 prodesse.
1007 3599 1047 3658 Et
1059 3596 1253 3672 mirerilicet,
1275 3595 1376 3676 plegu·

280 3696 327 3758 lue
341 3697 408 3757 illos
424 3707 499 3758 tunc
512 3699 668 3779 impressas
684 3699 848 3777 imeriisse,
869 3699 1074 3782 propedicom
1083 3743 1092 3773 ,
1113 3699 1145 3756 in
1159 3696 1306 3774 nibilum,
1329 3717 1376 3756 ne

281 3819 339 3880 que
356 3819 481 3880 usquam
496 3799 556 3858 ism
573 3819 754 3879 comparere.
796 3803 858 3881 Ego
873 3811 952 3862 certe
967 3809 1203 3889 scrutatussmn
1228 3819 1304 3879 quoe
1324 3821 1376 3881 po·

280 3900 343 3979 tui,
366 3900 592 3981 etsperquieivm
615 3911 809 3981 percontatus
824 3923 944 3984 quoque
957 3901 1305 3983 egentes'typogrephise
1324 3903 1376 3962 Re·

279 4003 360 4082 giec,
381 4003 466 4067 viros
482 4024 544 4064 non
558 4005 658 4062 solum
676 4003 871 4083 peritissimos
883 4004 967 4067 artie
982 4023 1067 4080 sose,
1090 4023 1196 4066 uerum
1213 4004 1376 4065 ¹historicos

280 4124 415 4185 quoque,
443 4114 763 4184 monumentorumque
786 4107 923 4167 officinae
941 4107 1077 4187 ipsorum
1100 4106 1309 4186 percuriosus:
1330 4127 1376 4167 re·

278 4205 389 4287 liquies
405 4205 545 4298 eeiitioms
557 4205 640 4269 ith'm
660 4205 796 4291 inceptae
818 4209 917 4271 nullos
937 4209 1024 4291 potui
1035 4207 1191 4271 muncimi.
1236 4209 1376 4290 Quapro-
