2780 4658
238 305 313 360 rau
672 294 714 365 C.
730 297 766 364 B.
787 293 902 363 HASII

242 455 355 533 ditum,
377 453 565 516 conservavit
586 452 675 514 nobis
693 471 771 512 unus
791 451 913 512 omnino
935 452 1035 513 Codex
1054 451 1255 514 bibliothecae
1268 453 1339 514 lte-

240 562 318 640 giae,
340 559 471 638 signatus
491 557 575 638 prius
594 557 649 616 No.
672 559 765 623 2661.
787 555 1074 623 rrunc171zolim
1094 557 1127 616 in
1146 555 1339 636 supellectile

239 662 384 723 litteraria
395 658 555 742 llapbatlis
569 656 700 718 Tricbeti
714 657 756 717 du
768 657 893 718 Fresna:
915 659 967 737 qui
979 660 1122 720 causidici
1135 658 1338 738 burdigalen-

240 765 281 824 sis
293 763 383 840 filius,
409 783 478 823 cum
491 780 596 841 magno
614 760 775 844 duceretur
794 759 940 822 librorum
952 761 1202 842 acquirendorum
1220 761 1338 840 studio,

239 866 399 947 Hispanias
421 865 596 943 Italiamque
616 862 707 923 semel
735 871 766 921 et
787 862 903 942 saepius
924 875 1065 944 regnante
1083 864 1236 926 Ludovico
1250 863 1342 925 xflt.

240 970 320 1048 Rege
343 966 591 1027 christianissimo
611 966 654 1027 sic
678 965 808 1042 obierat,
829 975 878 1042 ut,
899 965 1041 1046 inspectis
1051 969 1160 1048 passim
1174 966 1341 1027 bominum

240 1070 452 1156 historicorum
475 1068 621 1144 librariis,
651 1068 806 1148 propriam
829 1066 1040 1128 bibliothecam
1058 1071 1241 1150 locupletare
1259 1067 1340 1128 inde

199 1237 206 1250 ‚
243 1183 410 1234 conaretur.
451 1171 481 1232 Is
495 1193 533 1233 ex
546 1171 632 1232 Italia
643 1169 726 1230 hunc
743 1169 881 1230 codicem
893 1171 927 1229 in
940 1171 1066 1231 Galliam
1082 1171 1267 1253 deportavit,
1288 1179 1341 1230 te·

188 1319 207 1330 κ
241 1285 339 1336 stante
352 1275 527 1336 combefisio
543 1273 655 1352 Origin.
671 1273 757 1354 Cpol.
772 1273 844 1340 265.
858 1273 893 1334 B.
929 1273 1053 1358 Deinde,
1073 1295 1142 1334 cum
1156 1275 1219 1334 vita
1234 1291 1344 1334 exces-

239 1379 325 1440 sisset
345 1378 517 1453 Triebetus,
536 1377 560 1440 I.
579 1377 613 1438 B.
627 1375 797 1452 Colbertus,
820 1374 975 1436 Ludovico
994 1375 1071 1438 xlv.
1092 1377 1198 1457 Magno
1224 1375 1260 1436 ab
1281 1375 1339 1436 in-

240 1481 322 1541 timis
342 1481 475 1542 consiliis
497 1490 526 1539 et
544 1477 688 1558 generalis
710 1475 816 1536 aerarii
838 1476 1022 1554 moderator,
1053 1477 1138 1540 cuius
1158 1476 1340 1538 immortalis

240 1583 319 1644 vivit
341 1584 482 1664 vivetque
506 1583 544 1642 ob
567 1579 710 1642 beneficia
727 1580 758 1639 in
771 1579 898 1638 Galliam
911 1581 1019 1640 collata
1033 1582 1190 1658 memoria,
1212 1579 1284 1642 emit
1297 1579 1342 1640 do

241 1684 334 1746 vidua
345 1684 379 1746 in
390 1683 661 1763 Bibliotbeosmque
668 1684 786 1762 Regiam
796 1682 900 1743 intulit
913 1703 1000 1744 omna
1013 1683 1145 1744 Tricbeti
1154 1684 1342 1745 litterarium

241 1783 480 1847 instrumentum.
515 1785 551 1846 ln
565 1808 624 1867 quo
638 1795 724 1848 erant
741 1785 813 1846 libri
826 1786 963 1866 impressi
974 1807 1099 1846 numero
1114 1787 1245 1868 plurimi,
1266 1807 1341 1846 msa.

242 1885 342 1948 latini
363 1896 394 1946 et
406 1886 504 1948 Italici
516 1889 585 1969 plus
597 1889 698 1949 minus
716 1890 748 1948 C.
763 1888 870 1948 Graeci
883 1889 946 1948 XL.
987 1889 1092 1969 ltaque
1102 1889 1136 1948 iu
1150 1886 1343 1950 Bibliotheca

144 1995 179 2052 Ρ.
194 1997 230 2050 xi
244 1987 367 2069 publica
395 1989 523 2050 collatam
544 1991 646 2052 Codex
666 2003 785 2070 noster,
814 1990 986 2070 Ducangio,
1006 1993 1171 2068 bandinio,
1199 1991 1340 2071 reliquis,

244 2111 320 2171 quos
334 2090 418 2152 initio
430 2093 590 2168 nominari,
611 2095 753 2156 innotuit.
789 2093 912 2154 Constat
923 2115 995 2154 vero
1010 2095 1091 2154 soliis
1106 2094 1343 2155 membranaceis

244 2193 325 2270 422,
348 2193 511 2256 chartaceis
531 2207 618 2274 octo,
648 2198 804 2257 continens
826 2205 945 2277 praeter
969 2197 1025 2255 alia
1044 2196 1169 2258 minoris
1194 2197 1344 2258 momenti

243 2293 316 2376 (vid.
326 2297 417 2358 Catsl.
427 2298 522 2361 codd.
536 2319 605 2360 mss.
617 2300 740 2360 Graeco.
748 2298 824 2358 Bibl.
834 2299 903 2376 lieg.
910 2297 946 2359 ll.
961 2303 1032 2364 891.
1046 2295 1093 2378 D.)
1108 2299 1173 2360 illa:
1188 2297 1229 2379 1.)
1245 2299 1345 2360 Claro-

242 2397 335 2460 nicon
360 2399 503 2460 Simeonis
524 2401 702 2481 Logotbetae
725 2399 854 2458 maxima
879 2407 965 2478 parte
986 2398 1146 2475 ineditum,
1174 2422 1191 2458 a
1218 2402 1271 2461 sol.
1298 2405 1343 2468 18

243 2519 327 2560 verso
351 2500 390 2558 ad
409 2499 464 2562 sol·
484 2507 548 2567 272
568 2513 702 2576 remam,-
730 2496 778 2579 2.)’
797 2499 903 2559 Leonis
921 2497 1047 2558 Diaconi
1060 2501 1239 2580 Historiam,
1263 2523 1342 2582 quae

243 2618 325 2658 nuuc
337 2597 456 2678 prodit,
477 2622 494 2658 a
506 2601 558 2662 sol.
573 2609 636 2670 272
648 2613 726 2662 recto
742 2602 779 2662 ad
797 2606 861 2668 322
874 2611 1004 2676 rectum,-
1025 2599 1069 2683 3.)
1082 2602 1238 2664 llicbattlia
1250 2606 1342 2666 Psalli

245 2697 518 2782 Cbronograpbiam
539 2704 630 2764 tomis
654 2725 777 2782 norem,
798 2703 869 2763 item
892 2703 1049 2782 ineditam,
1072 2707 1157 2768 afol.
1173 2711 1237 2775 322
1258 2720 1339 2767 recto

244 2801 492 2868 adlatrauerat
534 2806 694 2868 Exaratum
716 2825 778 2866 ssss
798 2805 824 2866 si
839 2805 936 2866 minus
948 2825 992 2866 rr.
1007 2815 1037 2866 at
1060 2816 1141 2868 certe
1155 2829 1212 2868 111.
1231 2829 1340 2870 saecu-

244 2904 276 2964 lo
290 2904 387 2964 sorma
409 2903 577 2966 litterarum
601 2908 801 2986 demonstret,
821 2907 901 2968 baud
923 2907 1124 2970 absimilisilli
1144 2930 1233 2990 quam
1248 2911 1341 2972 blon-

244 3005 422 3066 tesalconiua
443 3007 569 3086 protulit
586 3009 736 3090 Palaeogr.
752 3011 856 3071 Graec.
872 3015 944 3078 291.
967 3011 1022 3072 Νο.
1038 3011 1103 3072 Vll.
1127 3021 1162 3072 ut
1176 3012 1268 3091 igitur
1281 3035 1341 3075 ne-

246 3109 338 3168 sciam
352 3109 425 3188 quid
439 3109 472 3170 iu
479 3119 608 3171 mentem
621 3113 737 3174 venerit
751 3114 970 3174 confectoribus
983 3109 1116 3194 catalogi
1127 3115 1202 3180 Ribl.
1220 3116 1289 3196 lieg.
1298 3117 1340 3179 ll.

245 3215 318 3278 391.
333 3211 364 3270 G.
384 3212 491 3290 dicere,
515 3232 581 3272 eum
597 3217 714 3276 saeculo
728 3215 842 3278 decimo
859 3217 964 3297 quinto
977 3215 1075 3277 videri
1093 3217 1256 3298 scriptum:
1277 3219 1338 3279 nisi

246 3313 280 3373 id
301 3313 339 3374 de
357 3314 395 3374 iis
417 3314 564 3376 duntaxat
583 3317 748 3398 intelligas,
771 3339 846 3400 quaa
861 3321 894 3380 in
917 3329 984 3380 octo
1007 3319 1088 3380 foliis
1111 3317 1274 3380 chartaceis
1298 3320 1341 3387 ad

247 3414 358 3474 calcem
373 3425 499 3478 exstant.
542 3417 610 3500 lpse
627 3421 745 3498 Codex,
766 3423 885 3482 tametsi
896 3441 959 3482 non
977 3421 1051 3482 adeo
1067 3421 1169 3480 multis
1187 3423 1340 3501 profunde

245 3517 406 3578 latentibus
426 3520 542 3580 mendis
556 3533 663 3602 scatet,
684 3523 775 3585 babet
787 3535 888 3586 tamen
902 3524 1054 3585 itacismos
1068 3531 1130 3598 tot,
1154 3533 1228 3602 quot
1247 3524 1280 3582 in
1296 3525 1339 3584 li-

245 3618 309 3680 bris
324 3641 399 3683 saec.
409 3635 466 3685 xrr.
481 3625 626 3703 pararetis
640 3647 701 3686 asse
717 3628 825 3705 solent,
846 3636 882 3687 ut
895 3625 1063 3688 videliceta
1078 3634 1108 3686 et
1121 3648 1166 3702 os,
1188 3649 1209 3705 η
1225 3649 1237 3688 ι
1250 3636 1280 3686 et
1295 3649 1338 3706 ss,

248 3741 266 3783 o
282 3729 312 3780 et
325 3743 366 3800 u,
387 3745 417 3786 os
431 3733 461 3782 et
472 3747 508 3802 u,
528 3727 645 3807 saepius
660 3731 739 3789 inter
753 3749 784 3790 se
802 3727 1040 3802 confundantur,
1061 3748 1159 3808 neque
1174 3729 1217 3786 ita
1238 3747 1341 3790 rarum

247 3821 306 3898 sit,
328 3822 372 3898 εἰς
393 3820 450 3905 τήν
470 3827 523 3888 tol.
541 3830 604 3898 31⁶
626 3842 705 3890 racto
731 3830 796 3913 (ed.
817 3832 868 3899 95.
887 3827 937 3912 C.)
966 3830 1111 3910 scriptum
1132 3829 1267 3912 conspici
1285 3831 1340 3910 sic,

246 3915 336 4004 ἤςήν.
379 3925 534 3990 Eiusmodi
557 3932 663 3991 menda
676 3933 791 4014 ¹notavi
809 3933 977 3996 interdum:
1000 3934 1196 4014 plerumque,
1218 3933 1340 4014 quando

247 4023 325 4084 nibil
338 4024 501 4108 habebant,
523 4033 603 4111 quod
618 4033 708 4095 fidem
725 4045 861 4117 receptae
874 4035 1012 4096 lectionis
1030 4035 1209 4097 labefactare
1227 4045 1338 4117 posset,

249 4127 346 4189 omisi.
386 4131 424 4190 ln
442 4153 557 4193 summa
574 4135 687 4213 fateor,
708 4158 770 4199 non
793 4138 935 4198 maiorem
953 4155 1001 4197 ms
1014 4135 1147 4200 laborem
1165 4137 1339 4217 suscepisse,

249 4249 338 4308 quam
350 4251 400 4292 cos
414 4235 562 4322 sustinere
575 4256 694 4299 necessa
707 4249 767 4318 sat,
789 4240 842 4321 qni
858 4239 964 4302 Codice
985 4259 1024 4304 ex
1045 4241 1137 4302 unico
1154 4239 1286 4321 pandent
1306 4239 1340 4300 in
