2786 4620
127 311 189 382 or
208 307 365 382 mern.
386 308 475 382 arn
494 311 577 382 nc.
596 311 723 384 rnoc.
743 313 804 383 ar
822 315 880 386 ιο.
899 255 1017 391 rnna
1075 313 1156 422 aaa¹

3 531 4 546 ³
105 570 148 638 11.
180 570 243 638 nx
269 569 531 640 lammam
555 571 799 640 turannos
824 531 1099 648 anamma

310 723 374 795 (cf.
391 683 467 780 roa.
482 724 519 793 11,
535 743 561 798 p.
578 706 630 784 sarr
646 743 719 799 seqq.
735 725 777 783 ea.
792 726 903 796 nar.)

517 905 699 924 m

145 1031 233 1091 Anno
248 1029 357 1090 CCCLI
372 1025 440 1114 (qui
454 1028 501 1088 die
522 1037 542 1098 8
556 1033 641 1093 Febr.
657 1033 693 1097 A.
708 1033 740 1098 C.
761 1038 823 1104 962
840 1037 955 1120 coepit)¹
966 1040 1150 1121 occupabant

56 1131 208 1208 Romani,
234 1131 308 1192 duce
332 1131 499 1191 Domestica
514 1129 543 1214 *)
567 1129 748 1216 (Nicepbaro
771 1135 898 1220 Phoca),
919 1141 1087 1204 Ain-Zarba
1107 1145 1149 1222 (v.

60 1231 261 1316 Anazarbum)
274 1233 356 1314 pacis
369 1243 467 1314 pacto,
487 1236 649 1316 paucisque
661 1239 774 1318 aliquot
786 1239 830 1298 ibi
844 1243 991 1323 peremtis,
1003 1244 1150 1325 plurimae

58 1335 222 1395 inviolatae
237 1335 434 1396 dimittebant.
476 1335 586 1412 Iidem,
615 1336 718 1396 eodem
733 1341 816 1418 duce,
830 1343 973 1405 victoriae
990 1346 1150 1428 inetabant,

47 1439 180 1526 ,vultum
200 1448 262 1497 tam
282 1439 406 1516 benigne
423 1437 610 1497 monstranti.
651 1438 797 1502 Haleburn
817 1443 1014 1525 impetebant,
1042 1455 1071 1507 et
1085 1447 1151 1528 ipae

8 1579 10 1582 -
60 1541 153 1617 urbe,
169 1549 286 1621 praeter
297 1561 409 1618 arcem,
424 1540 625 1622 potiebantur.
649 1539 738 1613 Quod
753 1545 794 1603 ita
810 1545 943 1624 contigit.
966 1547 1150 1610 Domesticue

62 1641 281 1702 Seiseddaularn
307 1663 459 1720 securum,
495 1641 685 1721 omniumque
704 1665 805 1704 rerum
829 1644 965 1724 ignarum
993 1649 1152 1731 derepente

61 1743 208 1820 obruens,
238 1743 330 1825 eopiia
348 1765 403 1826 per
426 1745 520 1804 otium
540 1741 748 1804 contrahendis
768 1746 952 1808 excludebat.
999 1752 1151 1834 Correptie

59 1847 152 1925 igitur
164 1845 284 1948 paucio,
305 1848 356 1926 qui
372 1847 509 1924 aderant,
531 1845 661 1906 iactabat
675 1847 848 1908 Helebeneie
866 1849 938 1908 belli
958 1852 1067 1930 aleam,
1087 1853 1151 1932 aed,

62 1948 176 2007 amissis
196 1948 283 2026 longe
306 1949 460 2028 plurimis,
495 1968 563 2007 cum
583 1948 687 2028 exigua
709 1949 848 2010 mannia
871 1953 971 2030 fugam
987 1953 1059 2013 ibat.
1101 1954 1153 2014 Sic

61 2049 185 2133 patebat
199 2049 318 2110 Graecia
335 2050 431 2110 omnia
446 2069 514 2127 ager
528 2049 594 2108 urbi
608 2049 777 2128 subiectus,
798 2051 918 2132 patebat
930 2052 1023 2132 ipaiue
1036 2053 1153 2115 Seifed-

64 2153 170 2214 daulae
187 2151 284 2228 regia,
306 2151 354 2211 cni
376 2171 486 2210 nomen
506 2160 568 2209 erat
582 2149 686 2210 Datin
702 2149 767 2232 (aen
781 2153 914 2231 geminae
927 2151 1047 2232 domne)
1069 2163 1152 2215 extre

2 2287 8 2300 ·
64 2251 149 2314 urbie
168 2251 308 2311 ambitum
327 2253 393 2331 sita,
416 2251 467 2312 ubi
480 2260 646 2311 tercentum
658 2253 771 2330 argenti
788 2263 870 2313 utree
885 2250 930 2334 **)
952 2253 1153 2334 inveniebant,

65 2353 298 2438 quadringentos
320 2361 407 2432 etque
427 2353 509 2412 mille
524 2353 638 2432 mulae,
665 2374 874 2435 armorumque
893 2362 1008 2412 tantuna
1024 2375 1153 2436 appara·

63 2469 148 2534 tum,
168 2465 205 2515 ut
226 2455 347 2514 modum
367 2474 459 2536 paene
479 2454 644 2514 excederet.
686 2455 777 2516 Urbis
801 2455 917 2516 moenia
941 2463 1007 2512 tum
1025 2457 1152 2516 admotis

64 2557 210 2620 machinis
224 2557 407 2638 quatiebant,
424 2556 542 2636 depulsi
554 2567 654 2617 tamen
664 2554 880 2639 oppidanorum
893 2555 1078 2636 fortitudine,
1086 2578 1153 2618 aua.

65 2683 124 2742 que
146 2681 197 2742 ape
221 2659 343 2738 deiecti,
373 2659 546 2738 proximum
566 2659 598 2718 in
626 2669 772 2736 montem,
805 2657 977 2736 Gauschan,
1005 2661 1153 2721 concede·-

60 2765 149 2825 bant.
192 2761 313 2822 Interim
335 2761 486 2821 incidebat
505 2761 538 2820 in
557 2761 645 2820 'cirea
675 2770 704 2820 et
719 2758 862 2840 praetorii
891 2761 1074 2841 peditatum,
1101 2783 1153 2825 eeu

63 2865 231 2950 praesidia,
262 2863 300 2923 ob
323 2862 464 2942 quaedam
484 2861 517 2920 in
537 2861 611 2922 urbe
629 2861 766 2942 rapinae,
794 2859 918 2938 reditio,
944 2881 1018 2941 quae
1036 2863 1154 2924 moenia

65 2968 287 3041 defeneoribue‚
308 2964 340 3024 in
359 2965 457 3024 lorum
471 2963 731 3039 concurrentibus,
752 2961 894 3023 nudabat.
936 2963 1033 3036 Quem
1046 2965 1155 3026 viden·

64 3081 111 3132 tea
137 3070 244 3131 Graeci
261 3065 451 3128 ualitudinem
473 3073 502 3123 et
522 3064 698 3124 intestinum
716 3065 894 3140 tumultum,
916 3063 1013 3122 aubito
1046 3064 1153 3143 adorti,

67 3163 231 3252 effringunt
245 3179 345 3250 partae
353 3213 362 3244 ‚
384 3161 542 3246 gladioque
559 3165 591 3225 in
605 3166 723 3227 virilem
739 3147 861 3227 aetatem
876 3171 1062 3242 pareantum
1084 3163 1154 3242 plur

69 3274 171 3336 decem
195 3272 290 3332 millia
311 3289 472 3352 puerorum
491 3268 646 3347 utriunque
665 3287 752 3327 auur
773 3272 943 3346 asportant,
971 3273 1000 3324 et
1016 3263 1154 3344 praedam

70 3361 182 3454 coguut
198 3371 419 3448 incredibilem,
441 3368 491 3428 cni
505 3368 678 3429 deserendae
692 3388 782 3448 quum
797 3387 858 3426 non
872 3365 1057 3440 sufficerent,
1079 3383 1155 3444 qnae

3 3523 4 3528 η
67 3486 188 3560 praesto
221 3475 343 3535 aderant
369 3476 518 3546 iumenta,
549 3471 612 3550 igni
640 3471 712 3530 dant
735 3486 811 3547 quae
843 3466 958 3524 auferre
985 3461 1155 3542 nequibant.

67 3580 191 3640 Decimo
208 3578 244 3637 ab
260 3597 292 3636 ea
309 3574 435 3635 victoria
451 3572 499 3632 dia
515 3561 648 3655 receptui
661 3570 783 3631 canebat
799 3567 982 3628 Domesticua
995 3573 1024 3624 et
1035 3564 1156 3643 gravem

69 3681 183 3763 praeda
201 3677 365 3740 “ercitum
385 3675 552 3738 deducebat
568 3695 623 3755 per
642 3693 745 3755 agrum
758 3668 967 3745 Halebeneem,
987 3665 1070 3747 pegia
1081 3683 1156 3744 par·

103 3879 134 3949 *)
152 3874 363 3964 lpaiimperatori
373 3843 523 3944 Nicephoro
530 3873 633 3928 Phocae
643 3871 734 3927 tribuit
740 3871 871 3926 carmus
884 3885 899 3922 a
958 3864 1073 3950 ‚edonem
1086 3863 1156 3964 Ana:

139 3942 893 4094 antefert:carpnttnnnnn
905 3931 1157 4060 altit.

158 4085 185 4138 ni
203 4085 232 4137 in
251 4088 281 4139 Α.
305 4079 367 4134 Chr.
383 4077 436 4135 964
452 4079 549 4132 incidit.
572 4079 606 4132 n.
641 4081 704 4133 cnm
718 4078 844 4132 Abulfeda
856 4081 941 4130 auen
952 4073 1078 4125 oomeant
1089 4065 1156 4119 Ber·

167 4155 291 4217 ebraeue3
307 4150 360 4203 vid.
380 4163 449 4219 enpr.
461 4165 488 4218 p.
503 4149 545 4204 12.
557 4147 590 4202 Is.

3 4289 4 4292 ¹
105 4256 144 4328 ”)
162 4257 231 4311 Uter
249 4253 351 4326 argenti
366 4253 481 4310 mutiret
497 4249 583 4306 deciae
600 4249 669 4306 mille
683 4265 771 4307 nuno·
789 4247 934 4319 argentm
955 4241 989 4297 A.
1015 4230 1017 4234 ¹

3 4393 4 4424 r
104 4373 533 4449 meramnum.
915 4347 987 4461 5ιόβ
