2786 4620
257 260 330 340 354
563 259 822 332 summum
843 259 1037 350 incurro

260 445 338 497 meta
354 433 410 494 ubi
430 428 574 510 usurpat‘l
594 433 722 503 utraque
741 441 803 482 nou
820 431 890 482 sunt
911 422 1046 500 serenda;
1070 423 1125 484 etsi
1145 432 1272 504 utraque
1289 427 1355 488 im-

257 537 430 621 portabilia,
450 531 531 593 istud
544 537 662 590 estnon
675 525 846 595 ferendum,
868 526 959 584 immo
973 547 1029 586 nec
1042 527 1240 604 audiendum,
1263 532 1354 608 quod

259 663 291 704 se
314 642 524 722 Imperatorem
546 629 688 690 nominer.
733 628 793 687 Sed
817 627 843 687 si
866 629 1022 690 confirmas
1044 629 1162 707 eadem,
1191 647 1270 708 quaa
1290 633 1354 711 ipsi

258 745 409 815 lecenmt,
438 739 625 796 fortunatum
651 741 681 790 te
702 739 791 810 atque
813 731 996 812 locupletem
1017 733 1137 814 Imperii
1163 731 1260 790 nostri
1280 732 1354 791 Ma-

258 847 345 906 iestas
366 842 425 900 cito
442 837 580 898 dimittet.
622 833 657 893 ld
672 841 769 892 autem
783 853 816 891 eo
831 854 893 892 nou
910 833 1002 910 dixit,
1026 845 1063 895 ut
1074 855 1147 909 vos,
1169 833 1194 892 si
1206 853 1274 892 mea
1289 831 1352 896 lroc

256 945 382 1008 stultitia
396 944 515 1016 laceret,
537 943 724 997 conservatos
739 953 883 1013 sperarem
897 934 951 1014 Ἢ),
974 936 1025 996 sed
1041 935 1138 996 voluit
1149 935 1259 996 habere
1273 956 1352 1016 prae

255 1046 392 1109 manibus
416 1043 496 1124 quod
515 1041 548 1099 in
563 1039 681 1099 leudem
702 1057 785 1096 suam
806 1044 835 1096 et
857 1039 1066 1097 contumeliam
1087 1047 1218 1097 nostram
1240 1047 1350 1097 osten-

256 1151 340 1213 deret
359 1145 469 1208 futuris
490 1140 679 1222 temporibus.
723 1139 779 1198 Cui
791 1137 928 1217 inquam:
948 1161 1045 1220 nuper
1057 1141 1265 1201 Sanctissimae
1284 1141 1348 1199 Do-

251 1231 353 1312 minus
372 1268 470 1322 meus,
491 1255 527 1305 ut
548 1253 593 1304 est
614 1239 853 1322 Sapientissimus
873 1251 903 1300 ot
921 1243 1036 1322 Spiritu
1051 1243 1104 1302 Dei
1120 1243 1245 1322 plenus,
1268 1242 1348 1302 baec

143 1359 174 1411 P.
192 1354 243 1413 48³
259 1369 471 1436 praenoscens,
501 1365 575 1426 quae
598 1343 720 1415 asseris,
747 1362 785 1400 ne
806 1344 962 1421 terminos,
985 1365 1059 1426 quos
1080 1346 1235 1405 constituit
1255 1345 1345 1423 mibi,

151 1427 207 1480 ⁰⁰¹⁰
225 1431 239 1483 ¹
255 1453 497 1517 transcenderem
520 1442 655 1528 ἐντολήν,
681 1445 782 1505 idest
807 1456 1013 1529 praeceptum,
1040 1447 1233 1528 conscripsit,
1263 1447 1345 1527 quod

253 1569 283 1620 et
297 1557 393 1635 sigillo
413 1552 539 1631 signarit
561 1569 631 1626 suo,
656 1567 693 1607 ne
717 1567 801 1607 secus
827 1550 962 1610 lacerem.
1005 1553 1068 1610 Scis
1082 1550 1205 1610 Domine
1218 1548 1262 1607 mi
1276 1551 1344 1608 Au-

253 1669 350 1740 guste,
373 1675 432 1735 qua
451 1653 484 1713 id
498 1651 607 1711 fiducia
628 1647 774 1708 dixerim?
796 1647 918 1730 ἐντολήν
932 1651 1015 1712 istud
1034 1654 1066 1712 in
1082 1653 1213 1712 medium
1235 1653 1343 1732 profe·

251 1771 353 1835 ratur,
376 1767 405 1816 et
421 1753 564 1835 quidquid
578 1751 712 1826 iusserit,
733 1749 898 1811 iuramento
920 1775 937 1810 a
953 1773 998 1812 me
1019 1755 1074 1814 tibi
1094 1755 1239 1815 sumetur.
1283 1752 1341 1812 Sed

252 1859 406 1943 praeteriti
431 1856 551 1932 nuncii,
580 1861 698 1934 praeter
719 1852 878 1912 iussionem
899 1855 1018 1914 Domini
1044 1858 1102 1916 mei
1128 1855 1340 1937 promiserunt,

253 1965 447 2036 iuraverunt,
469 1956 727 2036 conscripserunt,
747 1955 789 2014 ita
811 1965 871 2030 est,
893 1965 928 2015 ut
943 1957 1026 2016 Plato
1046 1958 1102 2018 ait:
1133 1960 1224 2016 Causa
1247 1977 1339 2038 penes

253 2074 420 2146 optantem,
442 2063 519 2120 Deus
541 2069 624 2118 extra
643 2059 771 2138 culpam.
813 2057 867 2118 His
882 2059 1007 2138 expletis
1025 2069 1147 2119 rentum
1168 2069 1215 2119 est
1229 2059 1268 2118 ad
1280 2081 1337 2120 no-

252 2168 410 2226 bilissimos
434 2163 601 2242 Principes,
632 2161 804 2240 Capuanum
826 2169 855 2220 et
881 2161 1136 2240 Beneventanum,
1166 2185 1243 2243 quos
1274 2163 1335 2243 ipsc

252 2289 354 2329 servos
368 2266 523 2343 nominat,
545 2273 575 2323 et
592 2263 630 2322 ob
645 2283 718 2341 quos
734 2259 894 2322 intestinus
909 2263 1006 2344 ipsum
1022 2265 1113 2344 agitat
1127 2265 1222 2328 dolor.
1267 2268 1335 2325 Ser-

251 2391 322 2442 vos,
343 2369 456 2449 inquit,
478 2387 557 2426 meos
576 2366 716 2426 Dominus
739 2375 810 2424 tuus
828 2365 860 2424 in
876 2367 996 2425 tutelam
1011 2369 1119 2447 recipit
1140 2389 1238 2442 suam,
1261 2388 1333 2447 quos

224 2473 277 2532 Bsi
299 2493 360 2530 non
382 2470 541 2545 dimiserit,
569 2478 599 2526 et
618 2469 651 2528 in
672 2469 829 2548 pristinam
853 2467 1023 2528 servitutem
1044 2470 1203 2549 redegerit,
1231 2479 1333 2529 nostra

251 2572 379 2632 amicitia
401 2551 526 2646 carebit,
557 2571 616 2650 ipsi
635 2571 666 2630 iu
681 2571 842 2651 Imperium
857 2579 993 2630 nostrum
1008 2579 1043 2630 ut:
1055 2572 1254 2651 recipiantur,
1275 2571 1332 2629 lla-

248 2677 358 2753 gitant5
381 2673 435 2732 sed
452 2683 569 2732 recusat
593 2693 641 2731 eos
670 2685 805 2734 nostrum
832 2673 1011 2753 Imperium,
1043 2682 1078 2733 ut
1102 2682 1283 2751 cognoscant
1303 2681 1332 2732 et

249 2777 458 2856 experiantur,
481 2794 569 2852 quam
590 2774 786 2854 periculosum
810 2775 847 2832 sit
861 2795 960 2834 servos
978 2797 995 2833 a
1014 2775 1146 2834 Dominis
1160 2776 1328 2854 declinasse,

248 2879 420 2937 servitutem
433 2877 569 2956 ellugerc.
590 2877 628 2935 Et
637 2877 836 2937 estdecentius
844 2877 969 2936 Domino
976 2886 1038 2954 tuo,
1048 2887 1082 2936 ut
1091 2877 1162 2936 milri
1172 2898 1223 2936 eos
1234 2879 1329 2938 undat

249 2980 375 3050 amicus,
398 3000 484 3058 quam
503 2979 576 3038 milri
602 2979 732 3038 dimittat
754 2977 874 3038 inritus.
922 2979 1120 3060 Experientur
1141 2980 1247 3061 plane,
1269 2979 1328 3040 rita

248 3083 365 3159 comita,
388 3083 461 3162 quid
478 3084 517 3142 sit
532 3081 637 3142 herum
657 3081 774 3156 fallere,
797 3080 870 3158 quid
884 3080 923 3139 sit
933 3082 1103 3141 servitutem
1118 3081 1268 3158 deserere,
1290 3091 1327 3158 et,

248 3195 283 3243 ut
296 3196 384 3264 puto,
406 3186 537 3244 sentiunt
549 3205 630 3244 nunc
647 3183 727 3263 quod
741 3181 826 3257 dico,
848 3183 1035 3262 operantibus
1049 3183 1110 3243 boc
1125 3184 1254 3260 nostris,
1277 3183 1325 3262 qui

248 3297 319 3345 sunt
334 3289 413 3346 ultra
430 3308 526 3363 more,
551 3287 702 3346 militibus.
748 3283 864 3358 Quibus
879 3286 1059 3366 respondere
1072 3305 1119 3346 mc
1132 3306 1193 3345 non
1213 3286 1325 3366 permi-

247 3384 296 3459 sit,
318 3387 370 3445 sed
385 3387 464 3446 abire
484 3389 658 3467 cupientem,
680 3389 718 3448 ad
734 3407 955 3447 meusamsuam
967 3387 1065 3448 redire
1080 3389 1240 3468 praecepit.
1273 3387 1323 3448 Cui
1370 3395 1373 3446 i

246 3496 332 3565 pater
344 3489 467 3564 assedit,
488 3489 594 3565 homo,
615 3499 650 3548 ut
666 3490 740 3550 milri
755 3489 923 3566 ridebatur,
944 3499 1029 3550 uatus
1044 3499 1163 3548 cautum
1178 3490 1323 3569 quiuqua-

217 3589 327 3666 cginta
347 3591 439 3648 aunis.
483 3591 537 3647 Cui
552 3591 653 3649 itidem
673 3602 708 3650 ut
727 3591 806 3667 lilio,
830 3591 934 3650 Graeci
954 3591 986 3649 iu
1005 3591 1156 3665 laudibus,
1175 3591 1267 3651 immo
1280 3592 1322 3650 iu·
1369 3655 1370 3676 ,

242 3685 339 3748 ventis
358 3692 437 3764 suis,
456 3691 531 3750 Deus
551 3713 643 3751 anuos
659 3703 693 3752 ut
712 3693 890 3772 multiplicet
912 3693 1107 3755 conclamant.
1150 3695 1217 3768 Qua
1231 3695 1262 3754 iu
1281 3713 1322 3772 re,
1368 3677 1370 3702 ¹

244 3811 332 3870 quarn
349 3792 411 3851 sint
425 3792 529 3852 Graeci
544 3794 645 3871 stulti,
669 3815 793 3874 quamve
808 3793 896 3852 huius
912 3795 1022 3872 gloriae
1039 3805 1200 3878 amatores,
1221 3817 1320 3876 quam-

242 3913 280 3952 ve
298 3893 483 3969 adulatores,
505 3869 736 3980 qusm'cupidi,
763 3896 834 3956 lriuc
856 3896 994 3974 colligere
1014 3917 1190 3976 possumusr
1219 3905 1319 3978 optant

241 3995 299 4055 soli
314 4016 376 4055 non
389 3996 468 4074 sols,
493 3999 547 4058 sad
562 3997 729 4080 silicernio,
751 3997 832 4077 quod
845 4005 981 4058 naturam
995 3999 1091 4080 ipsam
1103 4018 1166 4058 non
1183 4001 1247 4079 pati
1257 4018 1318 4058 cer-

274 4193 323 4262 21)
339 4195 411 4250 Fert
428 4205 574 4252 servaturos
587 4205 710 4266 spemn.
732 4195 766 4249 M
769 4212 813 4247 ur.
893 4163 899 4178 ²
