2786 4620
217 255 296 346 ete
524 273 788 345 reiteraret
807 271 1004 344 recino

220 445 305 498 ercet
346 433 449 496 Palem
470 442 530 511 aet,
553 431 637 514 quod
655 433 866 512 Berengariua,
887 441 919 494 et
937 430 1114 494 Adelbertue
1133 433 1181 494 aui
1203 433 1321 498 militer

219 537 333 617 effecti,
354 539 488 616 Regnum
509 535 649 598 Italicum
668 545 789 617 eceptro
814 555 905 596 aureo
925 555 966 596 ex
982 536 1045 596 eiue
1061 555 1154 596 mauu
1169 556 1323 618 amcepe·

219 651 310 719 runt,
332 650 362 702 et
380 639 586 722 praesentitur
602 636 697 700 cervia
710 637 788 714 tuie,
809 638 861 718 qui
876 659 959 699 nunc
973 658 1067 719 noque
1081 648 1263 718 ruperunt,
1288 649 1322 698 et

217 743 276 806 laao
288 743 321 806 in
335 743 455 806 civitate
469 743 595 822 degum,
616 737 810 802 iureiurando
823 738 912 800 fidem
926 740 1136 820 promiserunt.
1178 741 1218 800 Et
1234 741 1320 819 quia,

218 855 390 928 suggerente
403 844 548 924 Diabolo,
570 843 650 904 hano
666 839 780 922 perfide
793 841 963 924 violarunt,
983 844 1062 904 inate
1076 844 1144 904 illoc
1159 843 1246 922 quasi
1261 842 1321 902 de·

219 959 362 1025 aerterea,
383 947 501 1027 sibique
517 945 656 1022 rebellet,
677 943 778 1022 Regno
795 945 945 1025 privavit:
967 945 1049 1026 qued
1063 946 1105 1006 ita
1118 945 1248 1014 subditis
1259 946 1322 1006 tibi

218 1061 249 1112 et
270 1049 462 1131 poatmodum
480 1045 643 1108 rebellibue
661 1047 781 1108 faceret.
822 1047 881 1117 Sed
903 1069 984 1126 non,
1006 1048 1067 1127 ait,
1086 1048 1238 1110 Adelberti
1255 1048 1320 1109 hoc

216 1151 381 1234 profitetur
396 1150 491 1211 mileo.
535 1149 592 1210 Cui
604 1149 745 1229 inquam:
767 1148 793 1210 ai
807 1169 892 1210 aecue
907 1149 1034 1230 dixerit,
1055 1171 1190 1212 meorum
1207 1150 1319 1230 aliquia

218 1254 365 1331 militum,
392 1253 418 1313 ei
439 1251 543 1329 iubae,
573 1271 639 1312 crae
660 1251 704 1311 ita
725 1271 790 1312 aem
807 1272 870 1314 eree
891 1251 991 1332 duello
1010 1253 1182 1314 declarabit.
1229 1254 1317 1332 Eato,

191 1355 333 1435 (tinquit,
355 1353 458 1416 fecerit
467 1352 558 1430 haec,
579 1361 616 1412 nt
630 1353 687 1431 aia,
708 1353 795 1419 iuete.
837 1356 924 1416 Nunc
941 1375 994 1416 cur
1005 1356 1127 1437 Imperii
1139 1355 1237 1416 noatri
1249 1365 1318 1416 ter·

213 1459 311 1519 minoe
326 1455 370 1542 ¹⁰)
386 1456 466 1518 balio
480 1455 682 1536 incendioque
694 1477 846 1536 eggreaeua
859 1458 914 1535 eit,
936 1457 1053 1539 expedi.
1086 1457 1182 1520 Amici
1196 1477 1318 1518 eramus

215 1561 447 1642 societatemque
468 1556 726 1637 indieeolubilem,
748 1560 862 1642 nuptiia
884 1560 1084 1641 interpositio,
1106 1562 1204 1621 tacere
1225 1559 1318 1638 cogi-

217 1664 365 1726 tabamus.
408 1663 530 1722 Terram
549 1659 669 1739 inquam
678 1707 687 1738 ,
710 1681 801 1741 quam
816 1661 938 1743 imperii
955 1662 1003 1722 tui
1017 1681 1080 1724 eoae
1091 1683 1209 1740 narum,
1230 1681 1316 1742 gana,

215 1765 329 1838 incola,
359 1772 391 1824 et
410 1763 530 1842 lingua,
557 1763 656 1823 Italici
681 1764 777 1843 Regni
797 1784 859 1824 eree
881 1763 1022 1824 declarat.
1073 1761 1317 1842 Tenueruntque

215 1865 298 1927 illam
318 1865 499 1947 potestative
513 1864 720 1945 Longobndi;
747 1887 836 1946 quam
855 1875 886 1927 et
906 1865 1079 1931 Ludovieue
1096 1865 1315 1944 Longobordo·

214 1987 299 2045 rum,
321 1989 374 2029 eeu
394 1969 579 2028 Francorum
598 1966 778 2047 Imperator,
800 1967 838 2028 da
854 1987 946 2028 manu
966 1970 1199 2038 Saracenorum.
1223 1967 1316 2027 mul·-

212 2068 344 2130 titudine
363 2079 529 2151 proatrata,
550 2068 698 2132 liberavit.
741 2069 800 2130 Sed
817 2079 849 2131 et
863 2069 1061 2152 Landulphua
1080 2071 1313 2130 Beneventano-

212 2191 298 2248 runa,
327 2182 359 2232 et
377 2173 586 2255 capuanorum
605 2173 747 2254 Princepa
775 2173 931 2254 reptennio
958 2172 1137 2254 poteatative
1163 2191 1230 2230 eam
1256 2171 1313 2230 eibi

212 2272 389 2354 subiugavit.
431 2275 493 2338 Nec
506 2297 522 2336 a
538 2275 690 2337 servitutis
706 2275 784 2352 ciue,
807 2295 859 2336 eeu
876 2295 1079 2336 eucceaaorum
1093 2293 1215 2334 auorum
1230 2271 1312 2350 iugo,

182 2384 308 2457 ltneque
321 2378 361 2439 ad
372 2397 511 2460 praeaeue
524 2379 632 2455 exiret,
654 2377 752 2438 sinon
764 2377 906 2444 immania
919 2377 987 2438 dote
996 2376 1139 2457 pecunia,
1158 2377 1312 2434 Romanua

211 2478 376 2559 Imperator
388 2480 486 2542 noetri
498 2481 587 2560 Regio
598 2480 733 2560 Hugonia
745 2479 905 2546 amicitiam
916 2487 1038 2542 emerat.
1078 2479 1118 2540 Et
1130 2475 1207 2538 hae'c
1221 2495 1310 2536 cauae

211 2577 287 2656 init,
308 2579 391 2660 quod
413 2581 517 2663 nepoti
531 2601 604 2660 eno,
625 2592 658 2644 et
670 2581 832 2662 aequivoco
851 2581 939 2661 Regio
953 2581 1068 2657 noemi,
1090 2580 1222 2641 eiusdem
1238 2579 1310 2638 Hu-

210 2680 295 2759 gonie
322 2681 457 2760 spuriam
481 2683 622 2764 coniugio
653 2685 815 2767 copularit
856 2685 896 2746 Et
919 2693 957 2746 ut
983 2683 1154 2759 concidero,
1181 2682 1309 2742 Domino

208 2801 276 2843 meo
295 2803 359 2844 non
375 2784 517 2866 gratiana,
539 2785 593 2847 aed
605 2786 814 2868 impotentiam
829 2787 989 2865 adecribia,
1012 2785 1094 2867 quod
1108 2793 1178 2866 poet
1193 2785 1307 2861 italiae,

209 2903 264 2945 eeu
276 2885 388 2946 Romae
401 2889 648 2969 acquisitionem,
668 2899 716 2950 tot
730 2889 816 2950 annia
828 2911 892 2950 eam
906 2889 963 2950 tibi
974 2889 1129 2952 dimiserit.
1172 2888 1308 2949 Societa-

208 2997 271 3048 tem
281 3009 354 3050 vero
368 2991 527 3068 amicitiae,
548 3011 637 3071 quam
651 3000 683 3053 te
695 2991 848 3074 parentele
861 2992 991 3052 voluisse
1004 2993 1102 3053 facere
1113 2991 1200 3069 dicia,
1222 2993 1307 3052 irau-

208 3089 278 3152 dam
288 3113 344 3154 noe
360 3093 522 3174 dolumque
537 3102 687 3154 tenemuae
701 3113 845 3175 paueauae
860 3093 900 3175 11)
914 3095 1014 3174 exigit,
1036 3115 1110 3176 quea
1122 3115 1180 3156 nec
1194 3103 1227 3154 te
1240 3093 1306 3154 axi-

207 3213 276 3274 gere
290 3217 386 3277 neque
400 3218 456 3258 noe
471 3195 635 3258 concedere
650 3197 727 3258 ratio
739 3197 806 3278 ipaa
819 3197 980 3278 compellit
1010 3198 1121 3260 Verum
1135 3207 1173 3258 ut
1186 3197 1306 3258 fallacia

208 3299 404 3380 exculpatur,
425 3300 536 3362 veritae
556 3319 620 3360 non
636 3299 809 3376 reticeatur,
830 3297 912 3361 mitit
932 3321 978 3361 me
997 3301 1143 3362 Dominus
1158 3319 1243 3360 meua
1267 3299 1306 3359 ad

208 3408 255 3475 te,
276 3410 325 3476 ut,
347 3401 480 3461 eiiiliam
494 3401 620 3461 Romani
641 3401 849 3481 imperatorie,
870 3411 902 3462 et
924 3401 1123 3483 Theophanae
1139 3400 1184 3485 1θ)
1203 3402 1305 3483 Impe-

209 3500 346 3580 ratricia,
375 3501 502 3563 Domino
523 3523 605 3578 mee,
634 3501 698 3562 filio
718 3523 771 3562 auc
793 3503 898 3563 Ottoni
920 3504 1096 3584 imperatori
1115 3503 1249 3583 Auganto
1270 3502 1304 3562 in

180 3602 381 3682 ttconiugium
404 3605 524 3666 tradere
544 3605 693 3677 volueris,
722 3604 890 3666 iuramento
915 3605 989 3666 mihi
1014 3606 1162 3683 affirmet,
1191 3613 1223 3666 et
1250 3623 1302 3684 ego

206 3726 263 3786 pro
283 3704 446 3784 gratiarum
466 3707 743 3787 recompeueatione
761 3707 856 3792 iiaec,
878 3717 909 3768 et
931 3707 1006 3769 haec
1023 3709 1185 3770 Dominum
1204 3725 1301 3768 meum

207 3805 264 3865 tibi
284 3807 433 3868 iacturum
452 3815 484 3868 et
506 3808 750 3888 obaervaturum,
772 3810 962 3871 iureiurando
977 3811 1140 3872 affirmabo.
1156 3807 1198 3891 ¹⁸)
1243 3808 1302 3870 tad

206 3917 237 3968 et
248 3906 391 3991 optimum
405 3907 448 3992 ¹⁴)
470 3909 617 3974 amicitiae
638 3912 801 3973 arabonam
816 3911 998 3974 fraternitati
1014 3923 1085 3975 tuae
1098 3933 1180 3974 nuuc
1193 3911 1302 4004 Domi·-¹

239 4129 288 4196 to)
311 4129 381 4184 Aliae
400 4135 507 4186 terrem.
532 4132 608 4185 Cea.
688 4134 735 4200 11)
753 4131 793 4186 al.
810 4132 937 4186 inductor.
963 4131 1039 4184 Gon.
1116 4134 1165 4203 12)
1187 4132 1238 4188 Alii
1255 4147 1299 4184 vo-

273 4208 334 4252 cant
351 4201 555 4270 direptoriam.
581 4202 656 4254 Gon.
711 4204 758 4270 13)
776 4201 827 4256 H'tc
843 4201 918 4256 decet
934 4201 1040 4272 utiquid.
1066 4201 1142 4256 cen.
1197 4202 1244 4269 14)
1258 4199 1298 4254 At

274 4270 397 4334 optionem
414 4271 593 4325 minionem·
615 4271 698 4326 dine.
894 4283 897 4288 ’
