2786 4620
327 271 387 340 AD
407 269 692 339 NlCEPHOllUM
712 268 904 343 PHOCAM.
1082 265 1156 337 367

65 433 125 496 tini
137 432 327 514 Imperatoris
340 430 401 490 huc
415 449 563 508 veneram,
583 452 646 490 non
658 431 830 512 Episcopus,
851 430 903 490 sed
917 429 1064 492 Diaconus
1071 456 1079 511 3
1102 456 1158 498 nec
1179 442 1234 499 Col.
1251 444 1268 497 2

65 537 104 596 ab
119 537 312 617 Imperatore,
335 543 386 593 aut
402 535 493 611 Rege,
516 532 569 591 sed
582 555 599 590 a
611 533 786 611 Berengaria
801 532 970 594 Marchione
982 534 1104 611 missus',
1127 549 1156 597 et

63 638 164 699 multo
185 639 274 719 plura
297 658 332 695 ac
352 633 525 716 pretiosiora
540 635 631 714 pallia
645 636 718 694 emi:
741 654 813 714 quae
829 641 924 714 neque
939 645 1078 714 scrutata,
1101 660 1155 699 nec

63 763 82 800 s
98 741 220 800 Graecis
233 737 315 809 visa,
336 757 392 795 nec
406 735 529 816 plumbo
545 746 616 797 sunt
630 738 752 816 signata.
794 737 895 814 Nunc,
916 737 976 795 Deo
989 738 1155 818 miserante,

61 843 249 923 Episcopus,
270 849 301 899 et
317 860 334 896 a
348 837 510 916 Magnificis
524 817 751 920 [inperatoribus
764 841 892 915 Ottoue,
915 847 944 896 et
958 839 1067 900 Ottone
1075 888 1083 919 ,
1098 864 1154 922 pa-

59 953 123 1022 tre,
146 953 175 1002 et
187 943 249 1004 filio
266 943 386 1016 missus,
406 951 491 1000 tauto
503 938 699 1017 inhonestior,
720 951 755 1000 ut
767 941 976 1002 veneticorum
993 963 1075 1003 more
1089 945 1155 1024 pal·

61 1047 105 1105 lia
124 1067 190 1104 mea
202 1055 360 1120 notentur,
383 1052 413 1102 et
433 1063 507 1122 qnae
527 1043 677 1122 quantivis
698 1042 785 1123 pretii
798 1043 951 1118 videntur,
973 1047 1155 1124 auferantur,

62 1169 139 1207 cnm
152 1147 186 1205 iu
199 1147 344 1206 Ecclesiae
359 1144 432 1204 milri
451 1145 618 1204 commissae
635 1165 706 1204 usus
723 1147 866 1207 serantur.
908 1145 975 1204 Non
989 1148 1086 1208 taedet
1098 1169 1153 1208 vos
1189 1207 1192 1214 ,

62 1247 311 1307 contumeliarum
331 1267 478 1324 mearum,
500 1247 589 1306 immo
614 1246 801 1307 dominorum
819 1267 967 1326 meorum,
991 1247 1024 1306 in
1047 1251 1153 1329 quibus

63 1351 262 1411 contemnor?
292 1349 457 1429 quodsum
487 1347 639 1409 custodiae
662 1349 806 1421 traditus,
832 1349 914 1429 quod
941 1349 1016 1408 fame
1044 1352 1152 1431 sitique

62 1451 232 1526 cmciatus,
255 1453 338 1530 quod
360 1472 421 1510 non
444 1451 482 1510 ad
500 1451 580 1531 ipsos
601 1449 729 1510 redirem
745 1448 898 1529 hucusque
920 1461 1071 1528 retentus,
1092 1455 1151 1513 nisi

63 1551 214 1612 etiamad
243 1553 393 1612 cumulum
419 1551 571 1613 dedecoris
598 1572 697 1613 eorum
722 1551 853 1631 propriis
883 1553 1016 1633 expolier
1038 1553 1151 1613 rebns'l

63 1655 178 1714 auferte
193 1655 315 1733 saltem,
338 1655 506 1738 (quaesunt
521 1666 633 1738 empta,
656 1649 814 1734 dimittite)
835 1673 909 1732 quae
929 1665 999 1714 sunt
1015 1657 1093 1715 douo
1114 1657 1151 1716 ab

62 1755 167 1813 amicis
182 1756 300 1819 donata.
341 1760 569 1834 Constantinus,
591 1757 748 1835 inquiunt,
769 1755 941 1837 Imperator,
963 1757 1149 1835 homolenis,

61 1856 95 1914 in
109 1857 220 1937 palatio
237 1879 357 1918 manens
375 1871 535 1942 perpetuo,
556 1858 726 1918 huiusmodi
741 1859 829 1917 rebus
848 1858 955 1918 amicas
977 1859 1033 1918 sibi
1048 1859 1176 1920 natio-B

60 1978 114 2017 nes
126 1959 276 2020 effecerat:
296 1961 483 2042 Nicephorus
494 1983 565 2024 vero
574 1961 713 2035 Basileus,
724 1959 815 2020 homo
828 1957 972 2044 ταχύχειρ,
984 1962 1017 2021 id
1031 1972 1075 2023 est
1090 1964 1149 2024 mi-

57 2055 144 2118 litiae
160 2061 290 2140 deditus‚
314 2066 477 2143 palatium,
500 2085 552 2126 cen
567 2073 681 2144 pestem
698 2061 855 2140 abhorret,
878 2071 907 2122 et
922 2074 1079 2126 vocatura
1096 2087 1150 2126 no-

59 2160 109 2219 bis
131 2182 225 2243 prope
242 2163 401 2225 simultatis
416 2176 545 2243 amator,
566 2176 655 2246 atque
675 2174 914 2244 argumentosus,
937 2167 1064 2245 quinon
1078 2177 1153 2249 pre-

61 2262 108 2322 tio
126 2262 184 2322 sibi
201 2275 300 2343 gentes
315 2268 436 2346 amicas,
459 2271 510 2330 sed
530 2279 644 2330 terrore
665 2277 696 2326 et
716 2267 812 2344 gladio
835 2267 890 2326 sibi
909 2268 1042 2330 subditas
1066 2271 1148 2333 facit.

59 2363 162 2444 Atque
176 2374 210 2425 ut
224 2387 399 2446 cognoscas,
420 2373 527 2451 quanti
544 2370 677 2431 dominos
694 2377 762 2428 tuos
779 2370 871 2447 Ileges
883 2369 1040 2430 habeamus
1049 2417 1058 2449 ,
1075 2392 1150 2451 quae

59 2466 131 2529 data
152 2477 221 2527 suut
245 2472 354 2532 coloris
368 2472 557 2548 huiusmodi,
578 2484 607 2534 et
629 2491 704 2552 quae
719 2480 832 2551 empta,
852 2472 902 2532 via
924 2473 1024 2534 eadem
1039 2474 1078 2534 ad
1093 2496 1148 2535 nos
1195 2541 1197 2548 ¹

58 2579 256 2632 revertentur.
296 2573 351 2634 His
372 2576 477 2652 dictis',
505 2587 594 2656 atque
619 2574 773 2654 completis
794 2571 1027 2655 κρυσοβούλιον,
1055 2575 1087 2635 id
1103 2584 1176 2637 estc

60 2676 218 2756 epistolam
232 2699 305 2740 auro
327 2679 466 2764 scriptam
488 2690 518 2740 et
539 2680 683 2758 signatam
695 2675 770 2734 milri
785 2675 944 2754 dederunt,
966 2677 1052 2738 robis
1068 2678 1146 2738 dele·

58 2779 200 2851 rendam,
222 2782 350 2842 sednon
364 2780 449 2841 vobis
465 2783 600 2861 diguam,
622 2790 659 2841 ut
675 2799 757 2839 mens
778 2779 872 2839 credit
887 2799 960 2841 mea.
1002 2782 1148 2840 Tuleruut

59 2891 159 2940 autem
180 2885 294 2943 stelias
318 2885 419 2943 literas
442 2894 561 2963 argento
584 2884 726 2962 signatas,
749 2890 836 2961 atque
858 2883 1014 2942 dixerunt:
1035 2883 1145 2963 Papam
1231 2912 1237 2922 ·

57 2983 193 3045 vestrum
214 2987 382 3067 Imperiales
400 2986 534 3066 recipere
553 2987 655 3046 literas
675 2985 831 3063 indignum
856 3005 918 3044 esse
938 2985 1143 3044 diiudicsmus.

59 3086 152 3146 Mittit
175 3097 271 3148 antem
296 3089 343 3147 illi
365 3089 550 3169 Coroplates,
572 3087 763 3167 Imperatoris
787 3088 893 3162 frater,
914 3107 976 3148 non
995 3108 1049 3167 per
1073 3107 1143 3146 suos

58 3207 202 3270 pauperes
218 3191 363 3267 nuncios,
383 3191 436 3250 sed
450 3210 503 3271 per
516 3199 546 3248 te
559 3189 713 3270 epistolam
729 3208 760 3247 se
780 3191 849 3248 satis
864 3188 996 3266 dignam,
1016 3197 1066 3264 ut,
1085 3189 1146 3248 nisi

57 3289 224 3370 resipuerit,
239 3293 370 3352 funditus
383 3313 414 3352 se
427 3293 548 3372 periisse
561 3291 742 3371 cognoverit.
770 3289 856 3348 Ilanc
873 3309 940 3348 cum
956 3290 1144 3371 accepissem,

57 3391 124 3451 vale
138 3389 211 3450 anilii
227 3393 371 3470 dicentes,
392 3393 586 3467 dimiserunt,
609 3392 710 3453 oscula
725 3391 898 3471 praebentes
918 3393 988 3452 satis
1002 3393 1145 3472 iucunda,

57 3492 127 3551 satis
146 3493 292 3554 amabilis.
329 3495 388 3554 Sed
412 3495 483 3556 dum
507 3494 691 3572 recederem,
713 3490 890 3571 legationem
908 3494 982 3554 milri
1002 3516 1066 3556 non
1088 3515 1145 3578 me,

56 3593 110 3652 sed
126 3591 187 3652 illis
205 3595 276 3654 satis
293 3595 425 3674 dirigunt
440 3595 575 3676 dignsm‘,
594 3595 709 3655 scilicet
730 3593 812 3675 quod
828 3594 902 3654 milri
916 3597 990 3677 soli,
1011 3598 1173 3678 meisqueD

55 3713 146 3774 equos
164 3695 278 3759 darent.
321 3697 450 3757 Sarcinis
470 3697 606 3759 nullum':
628 3698 730 3776 sicque
754 3697 859 3776 nimis,
880 3708 916 3758 ut
938 3721 986 3761 res
1003 3700 1145 3781 poscebat

56 3797 202 3870 turbatus,
214 3791 370 3884 dinooicrp,
385 3799 418 3858 id
429 3809 472 3859 est
482 3800 603 3861 ductori
611 3820 686 3877 meo,
702 3797 914 3880 quinquaginta
928 3822 1085 3863 aureorum
1097 3821 1145 3862 res

54 3898 151 3976 pretio
172 3898 250 3958 dedi.
298 3899 422 3962 Etcum
443 3923 505 3960 non
523 3901 677 3981 haberem,
699 3903 779 3980 quod
798 3924 853 3982 pro
876 3905 1039 3965 malefactis
1056 3905 1143 3966 Nice·

56 3997 152 4078 phora
168 4007 242 4059 tunc
255 4000 425 4078 redderem,
448 4001 503 4062 hos
515 4003 548 4060 iu
569 4005 681 4084 pariete
698 4003 814 4066 invisae
830 4005 936 4067 domus
957 4027 1039 4066 meae
1055 4014 1086 4066 et
1106 4004 1141 4063 in

56 4117 152 4160 mensa
168 4101 266 4182 lignea
279 4102 444 4165 versiculos
458 4104 578 4185 scripsi:
