2802 4624
350 333 657 408 sarnaooosu
678 331 910 404 sonoasas.
1107 325 1180 409 tat

86 494 236 580 respicere
256 494 294 554 ad
310 513 428 554 versum
453 497 514 570 13,
533 493 583 572 qui
602 492 634 552 in
650 491 758 552 Codice
773 492 807 554 in
820 501 881 552 tres
903 493 1055 555 columnas
1072 499 1183 559 orin-
1254 519 1256 524 ·

85 582 144 640 bus
159 582 293 641 versibus
311 581 366 640 sibi
386 577 630 656 subsequentibus
649 577 809 639 ordinatim
831 579 1012 658 compositas
1027 581 1182 663 distincto,

87 668 225 746 superior
245 674 342 726 exstat
363 663 512 724 versiculo
529 668 577 730 16.
598 664 698 738 Quum
720 663 850 723 enimin
870 668 966 730 r.13.
988 664 1182 746 Theodosius,

87 772 247 830 suppresso
270 749 407 824 nomine,
436 747 592 807 obscurius
619 747 772 809 cuiusdam
790 749 978 830 Imperatoris
1001 752 1182 816 mentionem

87 837 203 912 fecerit,
226 837 354 914 scriptor
368 833 485 892 Codicis
498 833 624 892 subiecit
643 831 662 896 o‘
675 839 792 915 Καῖσαρ
805 833 825 896 o‘
845 834 943 914 μέγας,
959 836 1096 914 Magnus
1109 839 1182 897 Cas.

86 943 151 998 sar,
173 923 337 998 Augustum
349 938 454 1000 nempe
465 919 629 997 designetis,
652 919 687 978 de
699 939 758 998 quo
770 939 873 999 reapse
882 918 1079 981 Theodosium
1091 923 1183 986 fuisse

87 1007 121 1065 in
137 1027 171 1064 eo
189 1007 362 1084 loquutum,
384 1003 442 1062 iam
457 1023 545 1081 supra
566 1005 733 1063 luculenter
751 1006 943 1064 ostendimus.
986 1005 1094 1088 [Supra
1110 1029 1182 1069 ver-

86 1093 161 1150 bum
185 1092 341 1170 Πομπίος,
362 1091 542 1167 Pompeius,
569 1089 601 1147 in
622 1089 694 1148 Cod.
723 1090 880 1149 scribitur:
906 1084 929 1170 ἢ
955 1133 1037 1154 ....
1062 1097 1181 1180 Καῖσαρ

89 1175 109 1240 o‘
129 1174 226 1256 μέγας.
268 1172 417 1253 Eapende.
440 1174 601 1233 CORNEL.
625 1173 771 1233 Notabilis
794 1176 889 1233 forma
909 1175 1039 1235 nominis
1057 1197 1113 1256 pro
1137 1199 1180 1257 ea,

90 1281 148 1341 qua
163 1259 214 1318 alii
230 1269 398 1319 constanter
411 1268 539 1318 utuntur
549 1255 724 1338 Πομπήὶ·ος;
745 1259 919 1338 praesertim
936 1280 1028 1338 quum
1045 1281 1107 1320 non
1121 1283 1181 1344 ap-

88 1353 208 1426 pareat,
231 1366 288 1424 qua
300 1345 337 1404 de
352 1364 441 1403 causa
454 1343 639 1402 Theodosius
656 1343 859 1428 immutagerit
871 1363 997 1420 nomen,
1011 1347 1100 1426 quod
1112 1367 1185 1408 ver-

89 1430 137 1489 sui
154 1429 280 1488 iambico
301 1449 362 1489 non
377 1429 561 1489 adversatur.
603 1428 695 1504 Magis
710 1427 796 1487 etiam
811 1429 1018 1506 memorabile,
1041 1432 1121 1508 quod
1136 1433 1183 1491 in-

88 1517 136 1576 fra
157 1515 206 1574 lll.
230 1519 301 1581 209.
320 1515 442 1593 legitur:
465 1519 617 1596 Βροῦτος,
639 1509 674 1587 iic
694 1517 750 1576 rori
771 1513 914 1593 Πομπίου
936 1513 1032 1595 ἔβαψε
1050 1511 1106 1594 τήν
1126 1512 1183 1595 μαί-

88 1623 196 1680 χαιραν
215 1598 248 1662 ἐκ
265 1604 325 1662 τῶν
340 1594 481 1679 αἱμάτων.
526 1598 599 1672 Quis
621 1599 699 1658 euim
726 1599 956 1675 existimaverit,
984 1597 1184 1662 Theodosium

88 1683 232 1744 historiae
244 1695 307 1743 tam
323 1684 506 1763 ignorantem
527 1685 638 1761 fuisse,
660 1693 694 1741 ut
707 1684 835 1743 Brutum
851 1703 955 1741 manus
970 1685 1102 1764 Pompeii
1117 1705 1188 1746 san-

89 1770 178 1849 guine
192 1767 365 1847 inquinasse
378 1769 532 1830 crederetl
554 1770 654 1843 Quare
663 1769 819 1828 Cornelius
831 1769 873 1826 ibi
888 1790 944 1848 pro
958 1770 1101 1849 Πομπίου
1115 1790 1186 1831 cor.

88 1855 244 1933 rigandum
265 1857 433 1935 suspicatur
452 1856 622 1933 Καίσαροςι
645 1874 733 1933 quam
749 1854 963 1914 correctionem
978 1854 1186 1934 probabilitate

89 1940 262 2000 destitutam
273 1961 334 1998 esse
348 1949 428 1998 recte
439 1939 583 1998 iudicarit
598 1939 765 2015 Fogginius,
775 1939 839 2018 ipse
854 1939 953 1998 locum
967 1939 1108 2000 mutilum
1125 1954 1187 2003 esse

90 2024 272 2086 existimans.
316 2017 404 2096 Quod
425 2044 489 2081 non
512 2022 603 2100 magis
626 2023 778 2102 probabile
798 2031 851 2086 est.
894 2023 1005 2084 Verum
1029 2025 1061 2083 in
1082 2027 1186 2105 priore

89 2109 175 2184 loco,
199 2110 235 2167 de
257 2127 317 2188 quo
332 2107 431 2166 dicere
451 2107 651 2180 instituimus,
674 2108 732 2166 alia
748 2127 868 2187 quoque
889 2119 976 2183 sunt,
998 2127 1073 2188 quae
1091 2111 1187 2171 lecto-

89 2213 153 2253 rem
169 2201 332 2253 morentur.
373 2192 447 2250 Nam
463 2191 593 2271 primum
609 2201 746 2250 nontam
766 2201 881 2251 certum
900 2202 959 2269 est,
982 2194 1061 2272 quod
1076 2193 1187 2273 Foggi-

1 2331 2 2358 ,
90 2278 159 2338 nius
175 2275 341 2351 existimat,
362 2296 410 2335 res
429 2297 447 2334 a
459 2276 599 2356 Pompeio
613 2276 651 2334 ad
666 2277 778 2337 Metelli
793 2276 908 2336 leudem
925 2277 955 2335 in
976 2276 1056 2336 bello
1070 2279 1187 2343 Cretico

90 2362 323 2422 imminuendam
338 2370 419 2421 actas
434 2363 581 2442 spectari3
604 2381 731 2442 omnemv
743 2360 821 2421 enim
837 2381 967 2422 resume
981 2362 1122 2442 Pompeio
1137 2383 1188 2442 ge-

90 2458 203 2508 starum
223 2447 340 2506 leudem
365 2445 578 2525 comprehendi
606 2455 746 2526 apparet5
781 2444 941 2507 neo‘verbi
964 2451 1187 2512 πλοατολεκτεῖν

90 2553 194 2593 sensus
209 2551 247 2591 ex
261 2532 314 2590 illa
329 2532 577 2612 interpretatione
590 2532 693 2610 prodit
710 2531 899 2612 perspicuus;
921 2551 976 2591 nec
994 2533 1119 2612 denique
1131 2553 1188 2595 vo-

92 2619 175 2677 culae
190 2616 230 2690 αῖς
243 2621 304 2678 τῶν
317 2637 404 2696 quem
420 2637 537 2676 sensum
549 2616 677 2676 habeant
689 2625 821 2696 apparet.
861 2618 892 2677 si
908 2627 1013 2677 contra
1029 2618 1185 2696 glossatori

91 2701 165 2762 fides
181 2701 279 2760 haberi
294 2703 402 2779 possit,
425 2703 477 2781 qui
490 2705 526 2762 de
539 2704 618 2762 Iulio
635 2703 762 2762 Caesare
773 2702 913 2780 cogitavit
927 2701 1007 2784 (nam
1019 2704 1102 2782 quod
1112 2705 1187 2784 Fog.

92 2789 192 2866 ginius
211 2789 379 2863 existimat,
401 2787 502 2847 verbis
527 2793 643 2869 Καῖσαρ
667 2785 686 2849 o‘
706 2785 797 2870 μέγας
815 2787 994 2868 Augustum
1014 2788 1185 2866 significari,

91 2872 213 2931 minime
229 2881 328 2950 potest
341 2871 484 2953 probari),
496 2872 624 2952 primum
639 2873 846 2932 summiDucis
861 2873 1099 2933 commemoratio
1114 2879 1188 2954 poti·

1 3029 2 3038 γ
91 2967 140 3018 tae
155 2957 282 3016 consilio
300 2960 538 3032 accommodata;
559 2967 623 3017 tum
636 2963 857 3022 πλοατολεκτεῖν
872 2957 969 3037 accipi
984 2959 1077 3038 possit
1088 2959 1125 3017 de
1138 2959 1189 3018 di-

91 3042 173 3105 vitiis
187 3043 218 3101 in
232 3042 311 3101 bello
329 3043 445 3101 Gallico
460 3044 605 3119 congestis
619 3039 797 3118 (Γαλατικὸν
816 3043 950 3106 πλοῦτον
965 3041 1094 3120 appellat
1108 3043 1189 3103 Plu·-

92 3127 214 3187 tarchus
235 3126 268 3185 in
283 3127 341 3188 vis.
361 3128 441 3187 Caes.
457 3147 482 3185 c.
500 3125 579 3205 29.)‚
602 3127 757 3186 autetiam
779 3129 816 3188 de
831 3127 889 3199 iis,
909 3147 982 3205 quas
999 3125 1069 3185 belli
1089 3127 1188 3188 civilis

93 3211 179 3271 initio
201 3232 237 3271 cx
254 3213 366 3270 serario
386 3211 506 3286 sumait3
529 3211 649 3270 tandem
664 3231 767 3271 versus
781 3217 830 3278 17.
844 3211 970 3270 admissa
984 3209 1189 3273 emendatione

93 3308 196 3357 nostra
213 3291 312 3359 ὀστῶν
325 3317 380 3377 pro
395 3293 435 3368 dr
451 3301 525 3372 coia,
549 3296 667 3356 facilem
683 3295 821 3356 habuerit
834 3295 1062 3376 explicationem
1078 3297 1114 3357 ds
1128 3318 1189 3378 po·

94 3383 187 3440 tentia
201 3401 217 3438 a
231 3383 353 3440 Caesare
369 3381 485 3440 civibus
499 3379 673 3440 devictisin
687 3381 765 3440 bello
782 3381 862 3439 cirili
876 3389 979 3462 parta,
1001 3399 1059 3460 qua
1073 3380 1187 3444 instru-

95 3475 160 3524 ctus
175 3460 384 3545 (notassem)
401 3466 501 3540 venit3
525 3466 603 3526 sic'ut
618 3468 706 3526 etiam
721 3487 752 3526 v.
769 3470 819 3536 18.
835 3467 924 3526 verba
939 3461 976 3528 sol
988 3460 1077 3546 τύχης
1092 3466 1188 3552 στέφη

93 3550 233 3610 retuleris
248 3550 284 3608 ad
299 3552 470 3630 opinionem
484 3551 577 3629 illam,
599 3571 686 3630 quam
706 3551 856 3614 Caesarem
872 3551 909 3611 de
930 3551 1051 3611 fortuna
1066 3571 1119 3611 sua
1133 3550 1188 3611 ha·

1 3679 2 3686 ί
94 3635 194 3694 buisss
215 3643 341 3698 constat.
384 3637 423 3696 At
438 3655 547 3696 nomen
563 3637 702 3716 Παμπίος
717 3636 867 3716 quomodo
887 3636 926 3695 ad
946 3637 1096 3695 Caesarem
1116 3645 1186 3696 tra-

94 3718 170 3780 has'l
193 3718 293 3777 nescio
307 3720 459 3799 equidem,
480 3741 578 3800 neque
589 3722 622 3780 in
633 3721 805 3800 glossatoris
817 3721 917 3782 verbis
929 3721 1090 3800 quicquam
1101 3720 1190 3796 inest,

95 3805 177 3886 quod
195 3804 233 3862 ad
251 3805 386 3864 tenebras
402 3807 472 3866 illas
489 3807 643 3867 diluendas
664 3808 762 3868 faciat.
783 3808 820 3867 ln
843 3807 956 3867 Glossis
975 3805 1058 3885 apud
1069 3805 1188 3865 Ducan-

1 3959 2 3962 Ἴ
94 3893 177 3970 gium
198 3890 328 3969 reperio:
352 3886 492 3970 πόμπιος.
509 3890 682 3970 parricida.
725 3893 802 3953 Num
826 3891 918 3970 igitur
939 3889 1088 3966 dicemus,
1117 3889 1189 3948 Cae·

96 3996 190 4036 sarem
203 3976 247 4034 sio
264 3976 408 4056 appellari
422 3999 438 4035 e
453 3977 637 4054 Theodosio,
660 3977 739 4058 quod
752 3977 915 4050 secundum
932 3977 1040 4036 tamam
1054 3973 1190 4034 nonnul*

1 4072 2 4135 ,
95 4062 194 4122 lorum
209 4069 304 4120 mater
325 4061 387 4122 eius
402 4062 482 4122 inter
501 4063 677 4142 pariendum
692 4063 838 4143 perierit?
858 4060 940 4145 (vid,
957 4061 1109 4118 Constant.
1127 4059 1190 4118 Ma*

1 4143 3 4230 ,
96 4147 192 4205 nassis
208 4147 368 4226 Compend.
384 4147 494 4207 Chron.
509 4169 541 4228 p.
558 4152 608 4213 37.
627 4147 659 4209 C.
675 4157 704 4206 et
717 4147 846 4209 Millium
862 4148 900 4206 ad
913 4148 954 4207 lo.
968 4142 1106 4205 Antioch.
1121 4142 1190 4204 Mal.
1275 4176 1279 4184 ι

1 4345 2 4368 1
97 4315 188 4394 amis,
213 4335 324 4378 nones
345 4337 404 4398 qus
425 4317 533 4397 vulgus
553 4315 709 4378 hominum
729 4317 779 4380 via
798 4317 833 4378 iu
850 4318 950 4378 lucem
971 4313 1060 4391 editi3
1081 4313 1143 4377 sive
1156 4313 1191 4374 iu

98 4228 262 4308 Chronogr.
282 4253 314 4312 p.
333 4229 417 4314 275.)
439 4251 512 4311 quae
530 4232 705 4311 appellatio,
728 4233 790 4292 sive
808 4233 841 4292 in
855 4231 975 4292 laudem
992 4227 1093 4288 trahas
1112 4229 1189 4288 Cae-
