2786 4620
315 275 375 346 m
394 273 678 348 armenorum
700 276 896 352 rhoean.
973 241 978 254 ’
1077 274 1152 356 aaa

67 455 132 498 non
144 433 389 514 committantur,
410 436 461 497 aed
476 435 561 518 qnasi
574 443 814 522 praevetustata,
834 447 872 506 ut
884 437 973 504 vesfis
985 447 1153 528 contempta

70 537 282 600 contemnitur.
324 538 382 597 Sed
401 537 480 598 hanc
495 539 649 621 Synodum
665 540 774 602 neum
793 560 855 608 essa
875 541 908 601 in
922 543 1052 605 saxonis
1068 557 1150 610 certo

69 639 133 700 scio
143 683 153 715 ‚
176 638 210 698 in
230 659 289 718 qna
303 647 464 700 tractatum
483 647 527 702 est
546 647 576 702 at
593 638 758 720 firmatum,
779 640 932 710 decanus
950 644 1069 710 wihus
1088 669 1152 730 pu..

69 760 178 819 gnare,
207 760 297 820 quam
317 740 454 817 calamis3
483 748 513 800 et
530 741 614 822 prius
633 749 758 802 monam
779 743 876 825 chirs,
908 765 995 824 quam
1014 746 1177 814 hostibusB

70 851 151 920 terga
166 842 251 902 dare:
274 841 354 922 qnod
364 843 413 902 vel
427 851 496 903 tuus
510 843 655 904 exercitus
669 843 831 924 experitur,
851 845 885 910 in
899 847 988 909 eorde
997 869 1062 911 meo
1075 851 1150 932 dixi,

70 953 100 1004 et
112 964 201 1022 quam
213 943 274 1002 sint
289 963 436 1024 pugnaces
449 964 481 1004 re
497 944 561 1024 ipsa
578 943 754 1024 experiatur.
796 945 906 1008 Verum
919 946 976 1009 hoc
988 950 1089 1014 eadam
1103 953 1152 1016 dia

68 1053 141 1126 post
163 1044 329 1122 meridiem,
360 1046 432 1104 adeo
453 1045 645 1126 impotentem
666 1055 697 1106 ct
714 1044 956 1125 transfiguratum
976 1069 1024 1112 me
1049 1073 1152 1116 ravar-

69 1147 152 1206 tenti
170 1147 206 1207 ad
226 1148 367 1229 palatium
387 1146 444 1206 sibi
465 1149 615 1229 praecepit
637 1165 812 1225 occanere,
843 1159 876 1208 ut
895 1149 1045 1213 obviantes
1067 1155 1152 1234 mihi,
1248 1211 1251 1216 ,

72 1269 148 1328 quae
162 1249 245 1328 prius
259 1250 291 1310 in
302 1258 451 1329 stuporem
462 1249 569 1308 mentis
583 1250 721 1310 mulieres
731 1269 852 1326 versas,
872 1251 975 1330 Mans,
994 1273 1080 1316 mana
1095 1253 1152 1339 ²⁰),

72 1350 255 1426 clamabant,
276 1350 424 1412 miseriam
442 1371 539 1412 meam
561 1351 667 1431 pugnis
685 1360 807 1431 pectora
826 1360 930 1412 tunsae
951 1354 1084 1418 dicerent
1099 1380 1152 1422 su-

70 1450 154 1514 πεινὲ
172 1451 224 1514 καὶ
242 1436 424 1532 fabulabor,
447 1451 510 1524 cui,
529 1449 697 1532 Nicephoro
712 1451 826 1512 scilicet
843 1452 993 1534 venienti,
1017 1466 1048 1518 at
1063 1459 1152 1521 vobis

72 1553 250 1624 absentibus,
270 1553 343 1632 quid
354 1563 427 1614 tuno
440 1553 575 1614 manibus
588 1552 621 1612 in
632 1553 744 1614 caelum
756 1553 861 1612 erectis
876 1558 1057 1640 optaverim,
1077 1583 1151 1642 pro-

70 1653 321 1714 veniantutinam.
344 1653 479 1715 Sedmihi
487 1655 577 1716 velim
587 1653 723 1730 credatis,
738 1655 874 1714 adrisum
882 1675 996 1718 menon
1005 1681 1108 1740 parum
1116 1663 1153 1721 il.

70 1754 153 1818 laxit.
176 1756 345 1837 Impatienti
361 1757 439 1818 enim
454 1766 542 1836 atque
561 1755 681 1816 effraeni
692 1755 824 1815 insidens
834 1775 927 1836 equo,
947 1760 1150 1842 satisparvus,

71 1857 144 1915 satis
152 1877 268 1936 magno,
284 1879 415 1940 puppam
428 1859 527 1940 ipsum
540 1877 622 1918 mens
633 1858 689 1918 sibi
701 1856 837 1938 depinxit
850 1878 923 1934 mea,
932 1862 1175 1940 qusmSchlsvic

71 1963 163 2022 vestri
177 1965 285 2042 equino
300 1962 471 2040 colligantes
484 1960 567 2040 pullo
581 1969 706 2020 matrem
719 1959 942 2040 praecedentem
955 1964 1037 2044 sequi
1051 1964 1153 2026 effrae-

70 2073 142 2122 nate
160 2064 322 2124 dimittunt.
363 2063 417 2124 llis
434 2063 557 2142 expletis
571 2062 609 2121 ad
632 2060 769 2121 concives
790 2069 820 2122 et
835 2060 1050 2124 cohabitatores
1064 2086 1154 2141 meos,

75 2165 207 2245 quinque
227 2165 343 2242 leones,
364 2165 397 2224 in
416 2164 667 2245 praenominatam
688 2160 817 2246 invisam
839 2162 962 2224 domum*
979 2183 1043 2224 sum
1060 2164 1153 2226 dedu-

74 2275 160 2344 ctus3
189 2266 241 2326 ubi
265 2274 331 2348 post
354 2265 606 2346 hebdomadarum
635 2263 764 2344 apetium
793 2263 905 2342 trium,
933 2265 1067 2346 nullius,
1094 2267 1153 2328 nisi

71 2388 207 2430 meorum
225 2387 289 2428 sum
309 2368 464 2447 colloquio'
472 2367 616 2428 visitatus.
659 2365 722 2440 Qua
747 2383 785 2423 ex
799 2383 834 2424 ra
847 2364 1047 2446 Nicephorum
1064 2388 1154 2429 num·

73 2490 160 2549 quam
176 2491 223 2530 me
236 2469 325 2531 valle.
334 2469 481 2530 dimittere
497 2487 578 2528 mens
593 2467 649 2528 sibi
663 2465 799 2547 depinxit
814 2487 893 2545 mea,
915 2488 950 2527 ac
965 2467 1085 2529 tristitia
1097 2469 1153 2531 im.

71 2573 189 2633 modica
207 2573 377 2652 languorem
395 2570 531 2650 languori
545 2569 617 2629 adeo
635 2567 880 2650 superimposuit,
900 2577 935 2628 ut
954 2568 1017 2629 vita
1031 2571 1154 2632 excede·

70 2693 153 2751 aem,
174 2674 233 2733 nisi
254 2673 329 2734 mihi
345 2674 423 2734 hanc
441 2673 494 2732 Dei
517 2670 654 2731 Genitrix
677 2671 848 2731 aCreatoro
868 2679 898 2730 et
913 2669 989 2730 Filio
1011 2691 1064 2731 suo
1088 2692 1155 2752 pra-

72 2775 159 2834 cibus
173 2775 331 2853 obtineret;
354 2774 599 2854 quemadmodum
613 2794 673 2834 non
688 2771 851 2850 fantastica,
873 2771 925 2832 sed
937 2791 1007 2834 vera
1023 2781 1067 2833 est
1080 2773 1155 2834 mihi

70 2874 189 2938 risione
206 2886 412 2936 monstratum.
453 2876 507 2937 His
526 2895 594 2954 ergo
613 2874 708 2935 tribus
728 2873 959 2938 hebdomadibus
974 2872 1079 2934 habuit
1098 2875 1155 2934 Ni-

71 2975 219 3055 cephorus
247 2987 331 3039 extra
354 2977 637 3058 Constantinopolim
658 2976 842 3053 metastasin,
868 2975 902 3036 id
919 2982 965 3034 est
982 2973 1179 3050 statimem,l)

72 3081 106 3139 in
120 3077 189 3137 loco
213 3080 266 3159 qui
285 3080 395 3140 dicitur
410 3081 452 3155 εἰς
473 3075 586 3161 moysis,
612 3077 646 3138 id
665 3086 708 3136 eat
729 3077 768 3137 ad
788 3077 900 3146 fontes,
930 3074 1090 3156 eodemque
1106 3093 1154 3136 ma

73 3179 174 3240 venire
185 3182 344 3262 praecepit.
385 3183 424 3242 Et
440 3201 507 3240 cnm
525 3190 624 3240 tamen
634 3177 792 3258 languidus
805 3195 912 3248 essem,
933 3183 968 3234 ut
982 3194 1043 3234 non
1055 3175 1154 3236 solum

74 3281 177 3358 statio,
203 3283 255 3342 sed
273 3283 338 3363 ipsa
357 3284 444 3342 etiam
463 3282 552 3342 sessio
574 3280 673 3360 grans
696 3279 768 3338 mihi
786 3296 885 3338 morae
899 3275 1070 3352 videretur,
1090 3277 1155 3338 dis-

76 3392 216 3463 cooperto
236 3386 348 3465 capite,
370 3385 451 3464 quod
468 3385 561 3444 malae
580 3379 746 3443 valetudini
766 3397 847 3438 meae
866 3375 955 3437 nimis
973 3378 1159 3439 contrarium

74 3493 148 3560 erat,
172 3493 238 3544 ante
252 3505 282 3544 se
297 3506 344 3545 me
363 3495 440 3546 stare
454 3485 566 3564 coegit,
589 3485 637 3544 cui
654 3490 685 3542 et
698 3481 755 3541 ait:
776 3476 895 3539 Domini
906 3477 954 3538 tui
966 3477 1052 3558 Regis
1068 3481 1155 3541 Otto·

73 3585 120 3643 nis
132 3585 253 3662 nuncii,
274 3587 326 3668 qui
340 3586 499 3668 praeterito
510 3596 540 3645 te
552 3593 774 3666 praecesserunt
787 3601 882 3660 anno,
904 3579 1068 3642 iuramento
1080 3581 1155 3642 mihi

72 3687 283 3766 promiserunt,
294 3689 519 3750 etiurisiurandi
527 3688 629 3748 literae
639 3683 901 3766 inpraesentiarum
908 3691 988 3758 sunt,
995 3704 1156 3764 numquam

72 3787 203 3848 illumin
217 3789 317 3869 aliquo
330 3801 464 3852 nostrum
476 3789 675 3850 scandalizare
687 3785 854 3866 Imperium.
895 3781 947 3841 Vis
962 3783 1056 3844 maius
1071 3805 1157 3864 scanr

73 3887 190 3972 dalurn,
212 3911 300 3974 quam
316 3893 398 3976 quod
418 3913 451 3955 se
471 3894 682 3974 Imperatorem
695 3897 803 3961 voest,
824 3883 944 3967 Inperii
966 3885 1063 3948 nostri
1084 3885 1155 3946 the-

104 4106 153 4174 20)
169 4104 201 4158 ld
217 4110 259 4159 est
278 4105 377 4173 Mater,
393 4114 487 4163 mater.
505 4109 587 4164 Mur.

136 4209 294 4278 luitprandi
310 4209 431 4281 aegeus.
909 4203 953 4269 23
