2802 4624
238 289 316 368 540
480 303 519 371 N.
538 301 585 369 M.
607 299 809 369 FOGGINII
828 297 1174 370 ADNOTATIONES

237 461 341 538 dratis,
362 481 397 522 ac
412 461 579 542 ingentibus
596 461 731 521 conlecta
746 465 853 532 essent,
867 457 935 519 ideo
951 457 1023 519 dicit
1038 457 1235 534 Theodosius,
1250 461 1338 540 quod

236 546 272 607 1ιί
290 548 453 628 plurimum
473 547 648 607 insudarent
666 545 698 604 in
714 544 871 604 volvendis
883 565 940 624 ope
952 544 1081 604 vectium
1092 542 1269 605 huiusmodi
1286 567 1338 605 sa-

236 634 301 708 xis,
323 642 358 691 ut
376 633 484 692 sensim
501 633 533 691 in
555 633 655 692 foveas
679 629 796 689 adhoc
817 638 935 709 paratas
950 629 1146 690 demitterent
1188 630 1225 690 ln
1242 650 1336 690 versu

236 717 299 777 lroc
319 718 445 778 verbum
463 717 554 777 verbo
579 717 704 776 reddere
726 715 781 773 fidi
798 713 974 795 interpretes
992 736 1054 774 non
1073 715 1264 793 curavimus,
1298 736 1337 775 ns

236 823 358 862 sensum
368 804 535 862 abstrustun
546 801 634 861 nimis
647 801 829 860 eliceremus.
850 796 990 882 Στραφδς
1004 799 1132 880 ἔπασχον
1146 794 1337 882 deestqui-

236 909 298 948 των
317 888 439 968 proprie
462 886 640 946 dictumest
661 886 698 946 de
718 885 771 960 iis,
801 885 853 964 qui
869 885 978 944 intenti
1005 895 1090 944 erant
1107 885 1141 944 in
1160 886 1336 946 detinendis

236 991 344 1049 magno
367 971 436 1030 nisu
450 991 486 1030 ac
508 972 609 1031 labore
620 972 653 1030 in
666 970 818 1052 oppositos
833 989 923 1049 gyros
937 970 1044 1047 ergatia
1053 1015 1063 1046 ,
1085 991 1159 1049 quae
1175 971 1214 1029 ob
1229 971 1336 1049 ingena

239 1055 375 1136 lapidum
388 1056 426 1116 iis
438 1057 624 1134 alligatorum
639 1056 757 1137 pondus
772 1055 810 1114 ad
826 1055 880 1114 sibi
894 1056 1032 1136 proprias
1054 1056 1257 1116 volutationes
1271 1077 1337 1115 ma-

239 1161 298 1218 gno
312 1141 425 1222 impetu
438 1142 608 1201 tendebant.
651 1139 801 1222 [Στροφαὶ
812 1133 1056 1221 αἲνθελιγμαὶταν,
1074 1143 1169 1217 funes
1183 1144 1261 1200 torti
1274 1163 1336 1200 ma-

240 1223 336 1286 chinis
351 1226 494 1303 adhibiti,
516 1227 622 1306 quibua
639 1247 710 1285 saxa
723 1223 959 1306 torquebantur]

322 1315 394 1378 163.
422 1311 521 1397 saep]
543 1312 609 1372 Hoc
628 1312 717 1371 etiam
740 1311 773 1369 in
797 1311 868 1370 loco
898 1310 1052 1371 Cornelius
1075 1309 1167 1371 edidit
1194 1313 1297 1394 βουλῇ
1318 1332 1336 1368 a

236 1393 296 1454 lide
313 1396 431 1456 Codicis
449 1397 605 1474 aberrans,
627 1397 752 1476 ideoque
772 1417 834 1454 non
856 1417 876 1453 a
892 1397 1016 1456 oonsilio
1039 1397 1194 1477 artificram
1211 1407 1335 1458 verten-

236 1479 310 1541 dum
325 1493 387 1557 est,
408 1481 458 1542 sed
474 1485 530 1540 icti
546 1504 583 1541 ac
591 1484 731 1562 percussi
749 1481 787 1539 ab
803 1481 985 1560 artificibus.

321 1564 413 1646 [169.
444 1562 541 1649 ὥσπερ
569 1563 717 1648 χαράδρας
747 1567 926 1629 εἰσπεσοῦσαι
950 1567 1054 1649 πικρία
1078 1567 1155 1626 male
1182 1565 1332 1626 vertitur:

237 1661 385 1730 tunquam
403 1655 435 1710 in
450 1652 550 1711 alveos
571 1651 682 1710 cudens
701 1651 809 1709 acerba
822 1653 910 1711 ultio.
945 1651 1036 1729 Iunge
1049 1645 1199 1732 χαράδρας
1214 1653 1333 1732 πικρία,

234 1745 271 1795 ut
289 1737 325 1794 ll.
341 1741 391 1802 36.
412 1741 466 1814 τῆς
483 1741 601 1820 σφαγῆς
615 1735 639 1818 q‘
654 1737 769 1816 πικρία.
800 1735 837 1796 II.
852 1741 904 1804 99.
925 1731 959 1800 td
972 1741 1034 1819 ττδρ
1050 1732 1177 1818 ηἰτιιιρδ
1193 1739 1331 1816 τιμωρία.

236 1823 345 1879 Sensus
362 1830 406 1879 est
427 1821 531 1897 igitur:
553 1820 703 1898 sanguinis
721 1819 780 1880 rivi
799 1819 1011 1898 extinguebant
1031 1823 1166 1882 ardentes
1187 1822 1332 1898 caminos,

236 1904 314 1963 sicut
334 1904 476 1966 torrentia
492 1906 539 1966 vis
558 1907 690 1966 violenta
702 1905 830 1968 irruens.
869 1906 908 1965 lii
924 1906 1075 1984 sanguinis
1089 1905 1149 1965 rivi
1163 1927 1236 1966 cum
1253 1907 1332 1965 calce

235 1987 269 2046 in
281 1988 403 2049 caminia
417 1990 522 2066 mixti,
543 1990 623 2052 hauc
636 1993 734 2051 colore
746 2011 899 2070 purpureo
914 1990 1095 2070 inficiebant,
1118 1991 1160 2050 ita
1172 2000 1208 2051 ut
1225 1993 1332 2052 lateres

235 2071 307 2134 inde
324 2075 454 2135 conlecti
470 2076 557 2136 etiam
571 2075 718 2158 purpurei
732 2077 847 2137 fierent.
870 2074 955 2155 F.1.]

322 2164 392 2226 179.
415 2158 567 2242 Πατρικδς
579 2158 633 2236 ada
647 2155 744 2240 α’ξίας]
760 2161 808 2221 Ad
820 2181 930 2221 morem
946 2162 1026 2241 apud
1045 2161 1211 2222 orientales
1230 2180 1330 2221 omnes

235 2242 434 2323 barbarasque
451 2255 550 2323 gentes
565 2247 801 2328 receptissimum
817 2246 950 2325 gestandi
973 2247 1051 2307 circa
1069 2247 1180 2307 collum
1196 2255 1329 2326 torques,

234 2349 291 2389 eeu
307 2329 435 2408 circulos
451 2351 574 2409 aureos,
595 2332 702 2392 alludit
717 2337 815 2412 poeta.
858 2333 959 2406 Quum
975 2333 1054 2392 enim
1075 2331 1264 2412 Nicephorus
1281 2353 1331 2390 ca-
1385 2351 1388 2360 ⁴

236 2415 330 2494 ptivia
350 2436 388 2474 ex
410 2416 542 2476 barbaris
562 2418 640 2477 colla
661 2418 770 2477 catenis
792 2413 1050 2495 circumdedisset,
1072 2419 1128 2493 ait,
1151 2437 1202 2483 cos
1225 2417 1330 2497 patriis

235 2497 400 2560 bonoribus
417 2501 580 2566 decorasse.
612 2503 707 2562 llasce
720 2512 817 2561 autem
832 2512 969 2581 torques,
990 2503 1104 2584 patrios
1125 2501 1275 2576 honores,
1298 2522 1331 2559 ac

235 2584 393 2663 dignitates
410 2587 554 2666 appellat,
587 2588 726 2666 quoniam
748 2587 785 2646 iia
807 2588 953 2668 primores
972 2588 1163 2668 potissimum
1191 2596 1222 2646 et
1244 2589 1331 2666 priu·
1387 2641 1388 2650 ,

235 2667 316 2748 cipes
335 2670 518 2732 ornabantur
527 2695 537 2750 5
560 2681 594 2732 ut
609 2673 645 2733 de
661 2672 754 2732 Media
768 2673 874 2731 scribit
890 2671 1030 2751 Agatltios
1050 2674 1087 2732 de
1100 2671 1185 2732 Bello
1201 2671 1329 2731 Gothico
1387 2701 1388 2704 ¹

234 2753 287 2813 lib.
303 2755 352 2818 lll.
373 2757 546 2830 observans,
570 2759 651 2836 quod
667 2758 703 2816 iis
725 2755 886 2816 Medorum
898 2762 1049 2837 primores
1060 2760 1225 2836 praecipue
1242 2756 1330 2814 deco-

235 2851 359 2916 rantur,
381 2852 416 2899 ut
426 2844 619 2920 spectatione
637 2846 740 2901 ceteris
751 2846 827 2918 sint,
850 2856 877 2902 et
892 2865 913 2901 a
935 2844 1118 2923 vulgaribus
1138 2843 1215 2900 aliia
1229 2845 1329 2900 nosci-

235 2935 354 3000 tentur3
374 2947 409 2984 ao
428 2934 556 2986 testatur
583 2929 671 2987 etiam
692 2928 891 2988 Tertullianus
916 2929 953 2988 de
976 2929 1053 2988 ldol.
1075 2949 1140 3008 cap.
1162 2947 1252 2987 xvur.
1267 2947 1328 3007 pag.

234 3011 308 3078 245.
327 3010 481 3092 inquiens:
504 3013 604 3093 Igitur
613 3035 757 3094 purpura
771 3014 847 3091 illa,
866 3025 894 3070 et
908 3035 1021 3072 aurum
1035 3017 1158 3074 cervicis
1175 3034 1329 3072 ornamu-

127 3098 318 3174 c01.2rum,
339 3098 440 3158 eodem
451 3119 532 3156 more
547 3097 635 3179 apud
651 3099 818 3178 Aegyptios
838 3111 866 3156 et
877 3100 1067 3177 Babylonios
1089 3101 1229 3178 insignia
1248 3109 1328 3156 erant

234 3178 410 3260 dignitatis.
452 3183 511 3243 Sed
532 3183 568 3243 de
586 3185 737 3262 torquium
760 3184 840 3264 apud
860 3184 1000 3245 barbaros
1022 3204 1078 3244 usu
1098 3183 1222 3243 consule
1235 3183 1327 3242 lusius

235 3263 426 3327 disserentem
453 3269 594 3330 loannem
613 3267 797 3329 Schefferum
816 3269 850 3330 in
870 3271 1060 3350 syntagmate
1081 3267 1117 3329 do
1137 3268 1328 3348 antiquorum

234 3352 392 3430 torquibus
415 3373 480 3433 cap.
503 3359 554 3419 12.

317 3439 388 3502 202.
412 3437 566 3518 Οδιιρῆες]
587 3437 698 3499 Haeret
715 3437 748 3499 in
769 3436 830 3498 lroc
847 3440 941 3500 verbo
964 3437 1037 3498 mihi
1057 3459 1150 3518 aqua,
1178 3458 1237 3498 nec
1261 3437 1330 3518 quid

233 3518 291 3578 sibi
310 3520 384 3581 velit
402 3522 523 3581 omnino
544 3544 699 3604 assequor,
721 3525 794 3583 adeo
813 3534 849 3584 ut
871 3523 1012 3583 mendum
1027 3524 1144 3583 subesse
1160 3545 1225 3582 non
1243 3523 1329 3583 dubi-

233 3612 310 3680 tem,
333 3605 582 3684 quemadmodum
602 3609 770 3690 suspicatus
790 3619 836 3670 est
857 3629 977 3689 quoque
999 3609 1163 3673 Cornelius.
1206 3603 1331 3691 Ἁκραής

232 3689 438 3768 reponendum
452 3691 639 3773 suspicabar,
660 3713 734 3773 quae
748 3715 810 3753 vox
824 3705 1007 3773 centumper
1019 3695 1282 3774 summaflantem
1295 3696 1330 3753 si-

233 3773 370 3850 gnificat:
390 3795 494 3837 verum
503 3799 541 3838 ue
551 3779 584 3838 id
595 3789 662 3838 tuto
675 3788 804 3838 statuam
819 3801 867 3839 me
882 3780 1011 3838 deterret
1027 3779 1229 3858 quorumdam
1245 3782 1330 3839 Grae·

233 3877 336 3918 corum
353 3859 620 3924 Grammaticorum
635 3864 812 3940 auctoritas,
835 3865 887 3944 qui
900 3859 1014 3948 α’κραὴς
1025 3885 1088 3925 nou
1107 3873 1233 3925 rentum
1245 3864 1331 3924 veho·

142 3977 143 3982 κ
232 3953 360 4005 mentem
382 3944 635 4029 interpretantur,
655 3948 708 4007 sed
726 3950 827 4028 potius
839 3970 1036 4029 prosporum,
1057 3950 1253 4029 suaviterque
1266 3949 1332 4031 spi-

232 4038 357 4105 rantem,
369 4031 450 4092 inter
462 4053 537 4111 quos
550 4031 720 4092 Eustatbius
734 4033 769 4091 ad
785 4033 836 4092 lib.
850 4035 930 4095 XIV.
947 4034 1055 4116 Odyas.
1071 4055 1137 4116 pag.
1152 4037 1249 4102 1759.
1263 4035 1331 4095 edit.

232 4110 317 4216 llom.
333 4114 377 4173 sic
390 4115 538 4194 loquitur:
549 4114 652 4180 Ἔνθα
664 4116 775 4200 βορέαν
791 4113 891 4200 αἰιραῆ
904 4117 990 4202 λέγει,
1005 4115 1058 4201 οὔχ
1070 4113 1150 4182 οὕτω
1163 4114 1221 4180 adv
1235 4116 1333 4202 ἄκρως

231 4193 338 4296 uterq,
361 4197 402 4271 ιδς
423 4205 535 4277 μᾶλλον
561 4197 616 4264 τδα
640 4198 682 4282 μή
697 4203 901 4285 τετραμμένον
924 4203 1033 4287 ἑτέροις
1046 4199 1182 4285 talpas·
1204 4209 1264 4267 τοῦ
1278 4201 1332 4286 Υᾶδ

229 4297 367 4345 τοιουτου
381 4281 534 4366 δεινότητα
545 4283 843 4374 τιατηγορεῖὍμηρας
858 4287 891 4356 ἐν
907 4294 956 4378 τῷ,
980 4285 1064 4372 δεινή
1078 4285 1246 4373 proreptus]
1263 4286 1332 4353 αάἕ·
