<?xml version="1.0" encoding="UTF-8"?>
<!DOCTYPE html PUBLIC "-//W3C//DTD XHTML 1.0 Transitional//EN"
    "http://www.w3.org/TR/xhtml1/DTD/xhtml1-transitional.dtd">
<html xmlns="http://www.w3.org/1999/xhtml" xml:lang="en" lang="en">
 <head>
  <title>
</title>
<meta http-equiv="Content-Type" content="text/html;charset=utf-8" />
  <meta name='ocr-system' content='tesseract 3.04.00' />
  <meta name='ocr-capabilities' content='ocr_page ocr_carea ocr_par ocr_line ocrx_word'/>
</head>
<body>
  <div class='ocr_page' id='page_1' title='image "./leonisdiaconica00theogoog_0494.png"; bbox 0 0 2788 4616; ppageno 0'>
   <div class='ocr_carea' id='block_1_1' title="bbox 95 226 959 368">
    <p class='ocr_par' dir='ltr' id='par_1_1' title="bbox 95 226 959 368">
     <span class='ocr_line' id='line_1_1' title="bbox 95 226 959 368; baseline 0.006 -5"><span class='ocrx_word' id='word_1_1' title='bbox 95 226 108 255; x_wconf 54' lang='grc' dir='ltr'>Ι</span> <span class='ocrx_word' id='word_1_2' title='bbox 222 288 297 364; x_wconf 81' lang='grc'><strong>446</strong></span> <span class='ocrx_word' id='word_1_3' title='bbox 558 295 596 366; x_wconf 89' lang='lat' dir='ltr'><strong>C.</strong></span> <span class='ocrx_word' id='word_1_4' title='bbox 615 297 653 366; x_wconf 90' lang='grc' dir='ltr'><strong>Β.</strong></span> <span class='ocrx_word' id='word_1_5' title='bbox 672 295 789 368; x_wconf 73' lang='lat' dir='ltr'><strong>fletu</strong></span> <span class='ocrx_word' id='word_1_6' title='bbox 805 299 959 368; x_wconf 80' lang='lat' dir='ltr'><strong>NOTAE</strong></span> 
     </span>
    </p>
   </div>
   <div class='ocr_carea' id='block_1_2' title="bbox 88 451 1335 4112">
    <p class='ocr_par' dir='ltr' id='par_1_2' title="bbox 88 451 1335 4112">
     <span class='ocr_line' id='line_1_2' title="bbox 219 451 1310 541; baseline -0.007 -11"><span class='ocrx_word' id='word_1_7' title='bbox 219 465 293 530; x_wconf 84' lang='grc'><strong>966.</strong></span> <span class='ocrx_word' id='word_1_8' title='bbox 310 456 465 535; x_wconf 79' lang='lat' dir='ltr'><strong>tribuunt,</strong></span> <span class='ocrx_word' id='word_1_9' title='bbox 483 451 542 516; x_wconf 77' lang='lat' dir='ltr'><strong>Leo</strong></span> <span class='ocrx_word' id='word_1_10' title='bbox 555 463 588 516; x_wconf 79' lang='lat' dir='ltr'><strong>et</strong></span> <span class='ocrx_word' id='word_1_11' title='bbox 599 455 677 536; x_wconf 67' lang='lat' dir='ltr'><strong>ungi</strong></span> <span class='ocrx_word' id='word_1_12' title='bbox 687 457 726 518; x_wconf 85' lang='lat' dir='ltr'><strong>sd</strong></span> <span class='ocrx_word' id='word_1_13' title='bbox 740 455 847 520; x_wconf 78' lang='lat' dir='ltr'><strong>Boron.</strong></span> <span class='ocrx_word' id='word_1_14' title='bbox 861 457 911 523; x_wconf 79' lang='lat' dir='ltr'><strong>IV.</strong></span> <span class='ocrx_word' id='word_1_15' title='bbox 926 462 976 526; x_wconf 94' lang='grc'><strong>19.</strong></span> <span class='ocrx_word' id='word_1_16' title='bbox 992 459 1025 522; x_wconf 81' lang='lat' dir='ltr'><strong>C.</strong></span> <span class='ocrx_word' id='word_1_17' title='bbox 1039 457 1162 531; x_wconf 83' lang='lat' dir='ltr'><strong>hiennio</strong></span> <span class='ocrx_word' id='word_1_18' title='bbox 1172 469 1310 541; x_wconf 81' lang='lat' dir='ltr'><strong>posteo-</strong></span> 
     </span>
     <span class='ocr_line' id='line_1_3' title="bbox 222 541 1308 626; baseline 0 -20"><span class='ocrx_word' id='word_1_19' title='bbox 222 547 327 606; x_wconf 89' lang='lat' dir='ltr'><strong>cidisee</strong></span> <span class='ocrx_word' id='word_1_20' title='bbox 347 545 559 606; x_wconf 74' lang='lat' dir='ltr'><strong>demonstrent</strong></span> <span class='ocrx_word' id='word_1_21' title='bbox 608 542 768 620; x_wconf 73' lang='lat' dir='ltr'><strong>Octoginta</strong></span> <span class='ocrx_word' id='word_1_22' title='bbox 794 544 833 602; x_wconf 84' lang='lat' dir='ltr'><strong>ht.</strong></span> <span class='ocrx_word' id='word_1_23' title='bbox 854 541 1009 604; x_wconf 88' lang='lat' dir='ltr'><strong>hominum</strong></span> <span class='ocrx_word' id='word_1_24' title='bbox 1030 545 1069 604; x_wconf 86' lang='lat' dir='ltr'><strong>ed</strong></span> <span class='ocrx_word' id='word_1_25' title='bbox 1093 543 1172 604; x_wconf 87' lang='lat' dir='ltr'><strong>henc</strong></span> <span class='ocrx_word' id='word_1_26' title='bbox 1198 547 1308 626; x_wconf 81' lang='lat' dir='ltr'><strong>exped.</strong></span> 
     </span>
     <span class='ocr_line' id='line_1_4' title="bbox 222 627 1311 712; baseline 0.001 -22"><span class='ocrx_word' id='word_1_27' title='bbox 222 651 411 712; x_wconf 70' lang='lat' dir='ltr'><strong>congregasse</strong></span> <span class='ocrx_word' id='word_1_28' title='bbox 425 627 625 706; x_wconf 77' lang='lat' dir='ltr'><strong>Nicephorum</strong></span> <span class='ocrx_word' id='word_1_29' title='bbox 644 627 861 708; x_wconf 84' lang='lat' dir='ltr'><strong>Luitprsndns,</strong></span> <span class='ocrx_word' id='word_1_30' title='bbox 881 639 956 689; x_wconf 78' lang='lat' dir='ltr'><strong>usuc</strong></span> <span class='ocrx_word' id='word_1_31' title='bbox 970 629 1038 710; x_wconf 85' lang='lat' dir='ltr'><strong>Cpli</strong></span> <span class='ocrx_word' id='word_1_32' title='bbox 1051 631 1176 709; x_wconf 78' lang='lat' dir='ltr'><strong>degens,</strong></span> <span class='ocrx_word' id='word_1_33' title='bbox 1200 641 1311 691; x_wconf 84' lang='lat' dir='ltr'><strong>ouotor</strong></span> 
     </span>
     <span class='ocr_line' id='line_1_5' title="bbox 219 710 769 794; baseline -0.004 -20"><span class='ocrx_word' id='word_1_34' title='bbox 219 725 283 790; x_wconf 86' lang='lat' dir='ltr'><strong>est,</strong></span> <span class='ocrx_word' id='word_1_35' title='bbox 304 718 399 794; x_wconf 81' lang='lat' dir='ltr'><strong>Legat.</strong></span> <span class='ocrx_word' id='word_1_36' title='bbox 413 714 450 774; x_wconf 88' lang='lat' dir='ltr'><strong>ud</strong></span> <span class='ocrx_word' id='word_1_37' title='bbox 467 713 530 772; x_wconf 90' lang='lat' dir='ltr'><strong>Nic.</strong></span> <span class='ocrx_word' id='word_1_38' title='bbox 544 710 634 773; x_wconf 83' lang='lat' dir='ltr'><strong>Phoe.</strong></span> <span class='ocrx_word' id='word_1_39' title='bbox 650 714 718 780; x_wconf 85' lang='lat'><strong>151.</strong></span> <span class='ocrx_word' id='word_1_40' title='bbox 734 714 769 776; x_wconf 84' lang='lat' dir='ltr'><strong>A.</strong></span> 
     </span>
     <span class='ocr_line' id='line_1_6' title="bbox 305 792 1310 878; baseline 0 -16"><span class='ocrx_word' id='word_1_41' title='bbox 305 800 383 862; x_wconf 72' lang='lat' dir='ltr'><strong>loto.</strong></span> <span class='ocrx_word' id='word_1_42' title='bbox 404 801 458 859; x_wconf 81' lang='lat' dir='ltr'><strong>lin.</strong></span> <span class='ocrx_word' id='word_1_43' title='bbox 483 803 532 864; x_wconf 78' lang='lat'><strong>12.</strong></span> <span class='ocrx_word' id='word_1_44' title='bbox 553 792 594 876; x_wconf 74' lang='grc' dir='ltr'><strong>ἣν</strong></span> <span class='ocrx_word' id='word_1_45' title='bbox 616 795 668 858; x_wconf 76' lang='grc' dir='ltr'><strong>καί</strong></span> <span class='ocrx_word' id='word_1_46' title='bbox 691 799 894 878; x_wconf 73' lang='grc' dir='ltr'><strong>Παλαιστίνην</strong></span> <span class='ocrx_word' id='word_1_47' title='bbox 918 798 1071 878; x_wconf 72' lang='grc' dir='ltr'><strong><em>καλοῦσιν]</em></strong></span> <span class='ocrx_word' id='word_1_48' title='bbox 1101 799 1250 859; x_wconf 86' lang='lat' dir='ltr'><strong>Gedrenns</strong></span> <span class='ocrx_word' id='word_1_49' title='bbox 1269 799 1310 863; x_wconf 87' lang='grc' dir='ltr'><strong>Π.</strong></span> 
     </span>
     <span class='ocr_line' id='line_1_7' title="bbox 220 881 1311 965; baseline -0.01 -10"><span class='ocrx_word' id='word_1_50' title='bbox 220 887 293 954; x_wconf 80' lang='grc'><strong>656.</strong></span> <span class='ocrx_word' id='word_1_51' title='bbox 309 887 341 946; x_wconf 90' lang='grc' dir='ltr'><strong>Β.</strong></span> <span class='ocrx_word' id='word_1_52' title='bbox 356 881 477 964; x_wconf 88' lang='lat' dir='ltr'><strong>Niceph.</strong></span> <span class='ocrx_word' id='word_1_53' title='bbox 493 882 606 962; x_wconf 88' lang='lat' dir='ltr'><strong>cepisse</strong></span> <span class='ocrx_word' id='word_1_54' title='bbox 626 881 667 940; x_wconf 84' lang='lat' dir='ltr'><strong>eit</strong></span> <span class='ocrx_word' id='word_1_55' title='bbox 681 883 791 962; x_wconf 79' lang='lat' dir='ltr'><strong>oppido</strong></span> <span class='ocrx_word' id='word_1_56' title='bbox 809 883 937 964; x_wconf 87' lang='lat' dir='ltr'><strong>emplius</strong></span> <span class='ocrx_word' id='word_1_57' title='bbox 955 893 1073 943; x_wconf 88' lang='lat' dir='ltr'><strong>centum</strong></span> <span class='ocrx_word' id='word_1_58' title='bbox 1088 883 1225 961; x_wconf 86' lang='lat' dir='ltr'><strong>Ciliciee,</strong></span> <span class='ocrx_word' id='word_1_59' title='bbox 1247 887 1311 965; x_wconf 85' lang='lat' dir='ltr'><strong>sy-</strong></span> 
     </span>
     <span class='ocr_line' id='line_1_8' title="bbox 218 968 1311 1048; baseline -0.005 -15"><span class='ocrx_word' id='word_1_60' title='bbox 218 973 296 1046; x_wconf 77' lang='lat' dir='ltr'><strong>riae,</strong></span> <span class='ocrx_word' id='word_1_61' title='bbox 322 968 373 1031; x_wconf 79' lang='lat' dir='ltr'><strong>sset</strong></span> <span class='ocrx_word' id='word_1_62' title='bbox 392 969 539 1048; x_wconf 77' lang='grc' dir='ltr'><strong><em>Φοινίκης</em></strong></span> <span class='ocrx_word' id='word_1_63' title='bbox 554 968 756 1047; x_wconf 71' lang='grc' dir='ltr'><strong><em>Λιβαγηοίος,</em></strong></span> <span class='ocrx_word' id='word_1_64' title='bbox 778 979 806 1026; x_wconf 81' lang='lat' dir='ltr'><strong>et</strong></span> <span class='ocrx_word' id='word_1_65' title='bbox 821 969 1003 1028; x_wconf 72' lang='lat' dir='ltr'><strong>Phoeniciae</strong></span> <span class='ocrx_word' id='word_1_66' title='bbox 1018 969 1212 1029; x_wconf 75' lang='lat' dir='ltr'><strong>Litanemis.</strong></span> <span class='ocrx_word' id='word_1_67' title='bbox 1255 971 1311 1028; x_wconf 90' lang='lat' dir='ltr'><strong>Sic</strong></span> 
     </span>
     <span class='ocr_line' id='line_1_9' title="bbox 220 1053 1309 1134; baseline -0.006 -19"><span class='ocrx_word' id='word_1_68' title='bbox 220 1057 297 1115; x_wconf 91' lang='lat' dir='ltr'><strong>enim</strong></span> <span class='ocrx_word' id='word_1_69' title='bbox 317 1054 492 1133; x_wconf 81' lang='lat' dir='ltr'><strong>legendum,</strong></span> <span class='ocrx_word' id='word_1_70' title='bbox 513 1071 574 1112; x_wconf 89' lang='lat' dir='ltr'><strong>non</strong></span> <span class='ocrx_word' id='word_1_71' title='bbox 596 1054 758 1132; x_wconf 74' lang='grc' dir='ltr'><strong><em>Φοινίκης,</em></strong></span> <span class='ocrx_word' id='word_1_72' title='bbox 780 1056 975 1134; x_wconf 75' lang='grc' dir='ltr'><strong><em>Λιβανιοίας,</em></strong></span> <span class='ocrx_word' id='word_1_73' title='bbox 1006 1053 1154 1113; x_wconf 89' lang='lat' dir='ltr'><strong>distinctis</strong></span> <span class='ocrx_word' id='word_1_74' title='bbox 1175 1054 1309 1114; x_wconf 88' lang='lat' dir='ltr'><strong>nomini.</strong></span> 
     </span>
     <span class='ocr_line' id='line_1_10' title="bbox 218 1135 1310 1216; baseline -0.002 -16"><span class='ocrx_word' id='word_1_75' title='bbox 218 1140 273 1200; x_wconf 88' lang='lat' dir='ltr'><strong>hus</strong></span> <span class='ocrx_word' id='word_1_76' title='bbox 282 1184 291 1215; x_wconf 93' lang='lat'><strong>,</strong></span> <span class='ocrx_word' id='word_1_77' title='bbox 311 1149 349 1198; x_wconf 88' lang='lat' dir='ltr'><strong>ut</strong></span> <span class='ocrx_word' id='word_1_78' title='bbox 361 1149 405 1198; x_wconf 86' lang='lat' dir='ltr'><strong>eet</strong></span> <span class='ocrx_word' id='word_1_79' title='bbox 418 1139 449 1197; x_wconf 90' lang='lat' dir='ltr'><strong>in</strong></span> <span class='ocrx_word' id='word_1_80' title='bbox 468 1158 547 1197; x_wconf 89' lang='lat' dir='ltr'><strong>cuso.</strong></span> <span class='ocrx_word' id='word_1_81' title='bbox 563 1135 721 1216; x_wconf 85' lang='lat' dir='ltr'><strong>Xylouder</strong></span> <span class='ocrx_word' id='word_1_82' title='bbox 737 1158 837 1198; x_wconf 88' lang='lat' dir='ltr'><strong>errore</strong></span> <span class='ocrx_word' id='word_1_83' title='bbox 849 1138 990 1214; x_wconf 81' lang='lat' dir='ltr'><strong>ioculari,</strong></span> <span class='ocrx_word' id='word_1_84' title='bbox 1013 1149 1040 1196; x_wconf 80' lang='lat' dir='ltr'><strong>et</strong></span> <span class='ocrx_word' id='word_1_85' title='bbox 1055 1139 1256 1216; x_wconf 61' lang='lat' dir='ltr'><strong>Phoenicia,</strong></span> <span class='ocrx_word' id='word_1_86' title='bbox 1279 1149 1310 1198; x_wconf 79' lang='lat' dir='ltr'><strong>et</strong></span> 
     </span>
     <span class='ocr_line' id='line_1_11' title="bbox 218 1219 1310 1301; baseline 0.003 -18"><span class='ocrx_word' id='word_1_87' title='bbox 218 1227 378 1285; x_wconf 76' lang='lat' dir='ltr'><strong>Baos&#39;ee&#39;oe.</strong></span> <span class='ocrx_word' id='word_1_88' title='bbox 422 1222 589 1283; x_wconf 76' lang='lat' dir='ltr'><strong>Phoenicen</strong></span> <span class='ocrx_word' id='word_1_89' title='bbox 603 1221 750 1301; x_wconf 76' lang='lat' dir='ltr'><strong>duplicem</strong></span> <span class='ocrx_word' id='word_1_90' title='bbox 768 1223 874 1299; x_wconf 77' lang='lat' dir='ltr'><strong>suisne,</strong></span> <span class='ocrx_word' id='word_1_91' title='bbox 895 1224 1018 1283; x_wconf 82' lang='lat' dir='ltr'><strong>etterstu</strong></span> <span class='ocrx_word' id='word_1_92' title='bbox 1031 1225 1224 1300; x_wconf 83' lang='lat' dir='ltr'><strong>meritimem,</strong></span> <span class='ocrx_word' id='word_1_93' title='bbox 1246 1219 1310 1286; x_wconf 76' lang='lat' dir='ltr'><strong>sed·</strong></span> 
     </span>
     <span class='ocr_line' id='line_1_12' title="bbox 220 1306 1308 1392; baseline 0.001 -21"><span class='ocrx_word' id='word_1_94' title='bbox 220 1315 327 1392; x_wconf 81' lang='grc' dir='ltr'><strong><em>ροίον,</em></strong></span> <span class='ocrx_word' id='word_1_95' title='bbox 348 1309 469 1388; x_wconf 86' lang='lat' dir='ltr'><strong>eiusque</strong></span> <span class='ocrx_word' id='word_1_96' title='bbox 482 1316 573 1386; x_wconf 86' lang='lat' dir='ltr'><strong>ceput</strong></span> <span class='ocrx_word' id='word_1_97' title='bbox 589 1306 718 1386; x_wconf 83' lang='lat' dir='ltr'><strong>Tyrum,</strong></span> <span class='ocrx_word' id='word_1_98' title='bbox 739 1308 861 1368; x_wconf 81' lang='lat' dir='ltr'><strong>elteram</strong></span> <span class='ocrx_word' id='word_1_99' title='bbox 873 1308 1082 1387; x_wconf 84' lang='lat' dir='ltr'><strong>Libeneosem,</strong></span> <span class='ocrx_word' id='word_1_100' title='bbox 1102 1311 1308 1390; x_wconf 76' lang='grc' dir='ltr'><strong><em>Λιβονησίαν,</em></strong></span> 
     </span>
     <span class='ocr_line' id='line_1_13' title="bbox 190 1391 1335 1472; baseline -0.002 -18"><span class='ocrx_word' id='word_1_101' title='bbox 190 1398 288 1464; x_wconf 78' lang='lat' dir='ltr'><strong>ccum</strong></span> <span class='ocrx_word' id='word_1_102' title='bbox 304 1393 401 1472; x_wconf 80' lang='lat' dir='ltr'><strong>capite</strong></span> <span class='ocrx_word' id='word_1_103' title='bbox 414 1391 540 1472; x_wconf 72' lang='lat' dir='ltr'><strong>regionis</strong></span> <span class='ocrx_word' id='word_1_104' title='bbox 556 1393 674 1467; x_wconf 74' lang='lat' dir='ltr'><strong>Emesa,</strong></span> <span class='ocrx_word' id='word_1_105' title='bbox 697 1394 745 1452; x_wconf 81' lang='lat' dir='ltr'><strong>vel</strong></span> <span class='ocrx_word' id='word_1_106' title='bbox 759 1391 860 1472; x_wconf 88' lang='lat' dir='ltr'><strong>pueris</strong></span> <span class='ocrx_word' id='word_1_107' title='bbox 876 1404 990 1455; x_wconf 88' lang='lat' dir='ltr'><strong>notum.</strong></span> <span class='ocrx_word' id='word_1_108' title='bbox 1328 1399 1335 1406; x_wconf 83' lang='lat'>&#39;</span> 
     </span>
     <span class='ocr_line' id='line_1_14' title="bbox 303 1472 1309 1557; baseline 0 -19"><span class='ocrx_word' id='word_1_109' title='bbox 303 1477 381 1538; x_wconf 77' lang='lat' dir='ltr'><strong>Jttd.</strong></span> <span class='ocrx_word' id='word_1_110' title='bbox 407 1479 462 1539; x_wconf 81' lang='grc' dir='ltr'><strong>ίὶιι.</strong></span> <span class='ocrx_word' id='word_1_111' title='bbox 491 1483 540 1543; x_wconf 87' lang='grc'><strong>19.</strong></span> <span class='ocrx_word' id='word_1_112' title='bbox 570 1478 722 1539; x_wconf 77' lang='grc' dir='ltr'><strong><em>Θαίὸοίου</em></strong></span> <span class='ocrx_word' id='word_1_113' title='bbox 741 1483 797 1540; x_wconf 79' lang='lat' dir='ltr'><strong>cod</strong></span> <span class='ocrx_word' id='word_1_114' title='bbox 817 1472 991 1557; x_wconf 68' lang='grc' dir='ltr'><strong><em>ἀποστόλου]</em></strong></span> <span class='ocrx_word' id='word_1_115' title='bbox 1020 1477 1102 1538; x_wconf 86' lang='lat' dir='ltr'><strong>Heec</strong></span> <span class='ocrx_word' id='word_1_116' title='bbox 1119 1479 1217 1537; x_wconf 88' lang='lat' dir='ltr'><strong>lucem</strong></span> <span class='ocrx_word' id='word_1_117' title='bbox 1235 1498 1309 1538; x_wconf 89' lang='lat' dir='ltr'><strong>mu·</strong></span> 
     </span>
     <span class='ocr_line' id='line_1_15' title="bbox 216 1560 1309 1642; baseline -0.001 -18"><span class='ocrx_word' id='word_1_118' title='bbox 216 1573 344 1624; x_wconf 83' lang='lat' dir='ltr'><strong>tuentur</strong></span> <span class='ocrx_word' id='word_1_119' title='bbox 357 1583 395 1622; x_wconf 84' lang='lat' dir='ltr'><strong>ox</strong></span> <span class='ocrx_word' id='word_1_120' title='bbox 408 1563 475 1622; x_wconf 84' lang='lat' dir='ltr'><strong>Vite</strong></span> <span class='ocrx_word' id='word_1_121' title='bbox 489 1565 517 1624; x_wconf 87' lang='lat' dir='ltr'><strong>S.</strong></span> <span class='ocrx_word' id='word_1_122' title='bbox 533 1560 681 1620; x_wconf 84' lang='lat' dir='ltr'><strong>Thsddsei</strong></span> <span class='ocrx_word' id='word_1_123' title='bbox 694 1561 726 1620; x_wconf 91' lang='lat' dir='ltr'><strong>in</strong></span> <span class='ocrx_word' id='word_1_124' title='bbox 742 1563 813 1626; x_wconf 87' lang='lat' dir='ltr'><strong>Cod.</strong></span> <span class='ocrx_word' id='word_1_125' title='bbox 827 1564 918 1642; x_wconf 78' lang='lat' dir='ltr'><strong>Regio</strong></span> <span class='ocrx_word' id='word_1_126' title='bbox 931 1563 1026 1622; x_wconf 86' lang='lat' dir='ltr'><strong>bonee</strong></span> <span class='ocrx_word' id='word_1_127' title='bbox 1038 1571 1126 1622; x_wconf 78' lang='lat' dir='ltr'><strong>notre</strong></span> <span class='ocrx_word' id='word_1_128' title='bbox 1139 1564 1211 1638; x_wconf 77' lang='grc'><strong>518,</strong></span> <span class='ocrx_word' id='word_1_129' title='bbox 1226 1583 1309 1623; x_wconf 87' lang='lat' dir='ltr'><strong>non·</strong></span> 
     </span>
     <span class='ocr_line' id='line_1_16' title="bbox 215 1645 1308 1729; baseline -0.001 -20"><span class='ocrx_word' id='word_1_130' title='bbox 215 1649 306 1726; x_wconf 87' lang='lat' dir='ltr'><strong>dum,</strong></span> <span class='ocrx_word' id='word_1_131' title='bbox 328 1645 410 1729; x_wconf 87' lang='lat' dir='ltr'><strong>quod</strong></span> <span class='ocrx_word' id='word_1_132' title='bbox 428 1647 536 1721; x_wconf 89' lang='lat' dir='ltr'><strong>scism,</strong></span> <span class='ocrx_word' id='word_1_133' title='bbox 562 1645 658 1722; x_wconf 88' lang='lat' dir='ltr'><strong>edito,</strong></span> <span class='ocrx_word' id='word_1_134' title='bbox 680 1655 797 1724; x_wconf 80' lang='lat' dir='ltr'><strong>praetor</strong></span> <span class='ocrx_word' id='word_1_135' title='bbox 814 1649 1012 1726; x_wconf 74' lang='lat' dir='ltr'><strong>fingmentoo</strong></span> <span class='ocrx_word' id='word_1_136' title='bbox 1036 1648 1191 1708; x_wconf 86' lang='lat' dir='ltr'><strong>Lsmheoio</strong></span> <span class='ocrx_word' id='word_1_137' title='bbox 1213 1649 1308 1708; x_wconf 71' lang='lat' dir='ltr'><strong>ollem</strong></span> 
     </span>
     <span class='ocr_line' id='line_1_17' title="bbox 218 1730 1308 1811; baseline -0.002 -17"><span class='ocrx_word' id='word_1_138' title='bbox 218 1736 416 1794; x_wconf 87' lang='lat' dir='ltr'><strong>Commenter.</strong></span> <span class='ocrx_word' id='word_1_139' title='bbox 432 1731 469 1791; x_wconf 93' lang='lat' dir='ltr'><strong>de</strong></span> <span class='ocrx_word' id='word_1_140' title='bbox 482 1730 559 1790; x_wconf 85' lang='lat' dir='ltr'><strong>Bibl.</strong></span> <span class='ocrx_word' id='word_1_141' title='bbox 576 1733 656 1790; x_wconf 80' lang='lat' dir='ltr'><strong>Cres.</strong></span> <span class='ocrx_word' id='word_1_142' title='bbox 670 1731 746 1790; x_wconf 86' lang='lat' dir='ltr'><strong>VIN.</strong></span> <span class='ocrx_word' id='word_1_143' title='bbox 760 1735 831 1799; x_wconf 77' lang='grc'><strong>499.</strong></span> <span class='ocrx_word' id='word_1_144' title='bbox 847 1736 882 1796; x_wconf 91' lang='lat' dir='ltr'><strong>A.</strong></span> <span class='ocrx_word' id='word_1_145' title='bbox 909 1735 944 1793; x_wconf 85' lang='lat' dir='ltr'><strong>ln</strong></span> <span class='ocrx_word' id='word_1_146' title='bbox 960 1753 993 1792; x_wconf 82' lang='lat' dir='ltr'><strong>es</strong></span> <span class='ocrx_word' id='word_1_147' title='bbox 1005 1733 1227 1811; x_wconf 79' lang='lat' dir='ltr'><strong>tementeguloe</strong></span> <span class='ocrx_word' id='word_1_148' title='bbox 1242 1733 1308 1792; x_wconf 85' lang='lat' dir='ltr'><strong>isn-</strong></span> 
     </span>
     <span class='ocr_line' id='line_1_18' title="bbox 216 1815 1307 1900; baseline -0.002 -21"><span class='ocrx_word' id='word_1_149' title='bbox 216 1838 336 1900; x_wconf 85' lang='lat' dir='ltr'><strong>pressoe</strong></span> <span class='ocrx_word' id='word_1_150' title='bbox 382 1817 462 1876; x_wconf 88' lang='lat' dir='ltr'><strong>entio</strong></span> <span class='ocrx_word' id='word_1_151' title='bbox 478 1816 560 1875; x_wconf 83' lang='lat' dir='ltr'><strong>nulle</strong></span> <span class='ocrx_word' id='word_1_152' title='bbox 580 1815 630 1888; x_wconf 90' lang='lat' dir='ltr'><strong>fit,</strong></span> <span class='ocrx_word' id='word_1_153' title='bbox 652 1835 740 1895; x_wconf 84' lang='lat' dir='ltr'><strong>quam</strong></span> <span class='ocrx_word' id='word_1_154' title='bbox 760 1817 793 1875; x_wconf 92' lang='lat' dir='ltr'><strong>in</strong></span> <span class='ocrx_word' id='word_1_155' title='bbox 812 1818 909 1897; x_wconf 80' lang='lat' dir='ltr'><strong>eliqua</strong></span> <span class='ocrx_word' id='word_1_156' title='bbox 922 1819 985 1877; x_wconf 84' lang='lat' dir='ltr'><strong>vito</strong></span> <span class='ocrx_word' id='word_1_157' title='bbox 1004 1817 1116 1877; x_wconf 78' lang='lat' dir='ltr'><strong>inedito</strong></span> <span class='ocrx_word' id='word_1_158' title='bbox 1131 1818 1181 1876; x_wconf 89' lang='lat' dir='ltr'><strong>vel</strong></span> <span class='ocrx_word' id='word_1_159' title='bbox 1194 1817 1307 1899; x_wconf 88' lang='lat' dir='ltr'><strong>deper-</strong></span> 
     </span>
     <span class='ocr_line' id='line_1_19' title="bbox 217 1839 1304 1963; baseline 0.002 -2"><span class='ocrx_word' id='word_1_160' title='bbox 217 1903 279 1961; x_wconf 83' lang='lat' dir='ltr'><strong>dito</strong></span> <span class='ocrx_word' id='word_1_161' title='bbox 295 1839 445 1962; x_wconf 57' lang='lat' dir='ltr'><strong>Trahunt</strong></span> <span class='ocrx_word' id='word_1_162' title='bbox 460 1909 651 1960; x_wconf 85' lang='lat' dir='ltr'><strong>memorotsm</strong></span> <span class='ocrx_word' id='word_1_163' title='bbox 671 1899 762 1960; x_wconf 67' lang='lat' dir='ltr'><strong>fuine</strong></span> <span class='ocrx_word' id='word_1_164' title='bbox 777 1901 957 1962; x_wconf 86' lang='lat' dir='ltr'><strong>credendum</strong></span> <span class='ocrx_word' id='word_1_165' title='bbox 977 1912 1029 1963; x_wconf 89' lang='lat' dir='ltr'><strong>est.</strong></span> <span class='ocrx_word' id='word_1_166' title='bbox 1072 1904 1114 1962; x_wconf 87' lang='lat' dir='ltr'><strong>De</strong></span> <span class='ocrx_word' id='word_1_167' title='bbox 1136 1903 1222 1962; x_wconf 88' lang='lat' dir='ltr'><strong>obitu</strong></span> <span class='ocrx_word' id='word_1_168' title='bbox 1241 1903 1304 1963; x_wconf 88' lang='lat' dir='ltr'><strong>eius</strong></span> 
     </span>
     <span class='ocr_line' id='line_1_20' title="bbox 214 1987 1304 2068; baseline 0 -22"><span class='ocrx_word' id='word_1_169' title='bbox 214 1987 279 2049; x_wconf 77' lang='lat' dir='ltr'><strong>vid.</strong></span> <span class='ocrx_word' id='word_1_170' title='bbox 291 1987 491 2065; x_wconf 78' lang='lat' dir='ltr'><strong>Menologr&#39;um</strong></span> <span class='ocrx_word' id='word_1_171' title='bbox 508 1987 647 2046; x_wconf 90' lang='lat' dir='ltr'><strong>Greeoor.</strong></span> <span class='ocrx_word' id='word_1_172' title='bbox 670 1987 817 2048; x_wconf 80' lang='lat' dir='ltr'><strong>Cardinel.</strong></span> <span class='ocrx_word' id='word_1_173' title='bbox 841 1989 947 2047; x_wconf 76' lang='lat' dir='ltr'><strong>Albani</strong></span> <span class='ocrx_word' id='word_1_174' title='bbox 967 1989 1016 2049; x_wconf 87' lang='grc' dir='ltr'><strong>Ιίί.</strong></span> <span class='ocrx_word' id='word_1_175' title='bbox 1040 1990 1114 2054; x_wconf 80' lang='grc'><strong>137.</strong></span> <span class='ocrx_word' id='word_1_176' title='bbox 1127 1988 1162 2046; x_wconf 86' lang='grc' dir='ltr'><strong>Ι).</strong></span> <span class='ocrx_word' id='word_1_177' title='bbox 1178 1987 1216 2048; x_wconf 89' lang='lat' dir='ltr'><strong>de</strong></span> <span class='ocrx_word' id='word_1_178' title='bbox 1236 1987 1304 2068; x_wconf 83' lang='lat' dir='ltr'><strong>ipeo</strong></span> 
     </span>
     <span class='ocr_line' id='line_1_21' title="bbox 215 2072 1303 2150; baseline 0.004 -20"><span class='ocrx_word' id='word_1_179' title='bbox 215 2074 343 2143; x_wconf 79' lang='lat' dir='ltr'><strong>Sancto,</strong></span> <span class='ocrx_word' id='word_1_180' title='bbox 364 2091 438 2131; x_wconf 90' lang='lat' dir='ltr'><strong>num</strong></span> <span class='ocrx_word' id='word_1_181' title='bbox 454 2091 548 2148; x_wconf 87' lang='lat' dir='ltr'><strong>unus,</strong></span> <span class='ocrx_word' id='word_1_182' title='bbox 570 2072 708 2150; x_wconf 86' lang='lat' dir='ltr'><strong>pluresve</strong></span> <span class='ocrx_word' id='word_1_183' title='bbox 726 2073 839 2131; x_wconf 81' lang='lat' dir='ltr'><strong>fuerint</strong></span> <span class='ocrx_word' id='word_1_184' title='bbox 852 2072 1017 2147; x_wconf 84' lang='lat' dir='ltr'><strong>Theddoei,</strong></span> <span class='ocrx_word' id='word_1_185' title='bbox 1039 2073 1144 2132; x_wconf 74' lang='lat' dir='ltr'><strong>caesar</strong></span> <span class='ocrx_word' id='word_1_186' title='bbox 1157 2073 1303 2134; x_wconf 82' lang='lat' dir='ltr'><strong>Beromns</strong></span> 
     </span>
     <span class='ocr_line' id='line_1_22' title="bbox 214 2157 965 2236; baseline 0 -17"><span class='ocrx_word' id='word_1_187' title='bbox 214 2157 255 2220; x_wconf 84' lang='lat' dir='ltr'><strong>ed</strong></span> <span class='ocrx_word' id='word_1_188' title='bbox 268 2157 461 2236; x_wconf 77' lang='lat' dir='ltr'><strong>Mor-tyrolog.</strong></span> <span class='ocrx_word' id='word_1_189' title='bbox 475 2159 597 2217; x_wconf 81' lang='lat' dir='ltr'><strong>Romen.</strong></span> <span class='ocrx_word' id='word_1_190' title='bbox 613 2157 735 2234; x_wconf 82' lang='lat' dir='ltr'><strong>Gregor.</strong></span> <span class='ocrx_word' id='word_1_191' title='bbox 750 2157 830 2216; x_wconf 86' lang='lat' dir='ltr'><strong>XIII.</strong></span> <span class='ocrx_word' id='word_1_192' title='bbox 844 2159 915 2225; x_wconf 84' lang='lat'><strong>457.</strong></span> <span class='ocrx_word' id='word_1_193' title='bbox 929 2159 965 2220; x_wconf 87' lang='lat' dir='ltr'><strong>B.</strong></span> 
     </span>
     <span class='ocr_line' id='line_1_23' title="bbox 297 2235 1306 2327; baseline 0.005 -25"><span class='ocrx_word' id='word_1_194' title='bbox 297 2246 376 2322; x_wconf 82' lang='lat' dir='ltr'><strong>ch.</strong></span> <span class='ocrx_word' id='word_1_195' title='bbox 398 2247 447 2308; x_wconf 88' lang='grc'><strong>71.</strong></span> <span class='ocrx_word' id='word_1_196' title='bbox 470 2243 523 2304; x_wconf 83' lang='lat' dir='ltr'><strong>tin.</strong></span> <span class='ocrx_word' id='word_1_197' title='bbox 546 2247 577 2308; x_wconf 96' lang='lat'><strong>9.</strong></span> <span class='ocrx_word' id='word_1_198' title='bbox 597 2236 651 2304; x_wconf 79' lang='lat' dir='ltr'><strong>cdv</strong></span> <span class='ocrx_word' id='word_1_199' title='bbox 664 2246 802 2305; x_wconf 73' lang='grc' dir='ltr'><strong><em>τοιοῦτον</em></strong></span> <span class='ocrx_word' id='word_1_200' title='bbox 814 2241 920 2305; x_wconf 75' lang='lat' dir='ltr'><strong>oscedo</strong></span> <span class='ocrx_word' id='word_1_201' title='bbox 935 2240 1066 2327; x_wconf 72' lang='grc' dir='ltr'><strong><em>κέραμον</em></strong></span> <span class='ocrx_word' id='word_1_202' title='bbox 1087 2240 1207 2305; x_wconf 74' lang='grc' dir='ltr'><strong><em>ἐκεῖθεν</em></strong></span> <span class='ocrx_word' id='word_1_203' title='bbox 1223 2235 1306 2308; x_wconf 78' lang='lat' dir='ltr'><strong>doci·</strong></span> 
     </span>
     <span class='ocr_line' id='line_1_24' title="bbox 212 2323 1303 2408; baseline -0.001 -18"><span class='ocrx_word' id='word_1_204' title='bbox 212 2327 302 2408; x_wconf 75' lang='grc' dir='ltr'><strong><em>ληφε]</em></strong></span> <span class='ocrx_word' id='word_1_205' title='bbox 326 2328 434 2407; x_wconf 75' lang='lat' dir='ltr'><strong>Glycon</strong></span> <span class='ocrx_word' id='word_1_206' title='bbox 451 2330 523 2393; x_wconf 80' lang='lat'><strong>806.</strong></span> <span class='ocrx_word' id='word_1_207' title='bbox 546 2327 577 2386; x_wconf 89' lang='lat' dir='ltr'><strong>C.</strong></span> <span class='ocrx_word' id='word_1_208' title='bbox 602 2346 640 2384; x_wconf 80' lang='lat' dir='ltr'><strong>ex</strong></span> <span class='ocrx_word' id='word_1_209' title='bbox 662 2327 826 2406; x_wconf 73' lang='lat' dir='ltr'><strong>Hierapoli,</strong></span> <span class='ocrx_word' id='word_1_210' title='bbox 847 2327 907 2386; x_wconf 92' lang='lat' dir='ltr'><strong>hoc</strong></span> <span class='ocrx_word' id='word_1_211' title='bbox 925 2338 970 2387; x_wconf 89' lang='lat' dir='ltr'><strong>est</strong></span> <span class='ocrx_word' id='word_1_212' title='bbox 987 2327 1171 2406; x_wconf 75' lang='lat' dir='ltr'><strong>Mompetze,</strong></span> <span class='ocrx_word' id='word_1_213' title='bbox 1189 2323 1303 2408; x_wconf 79' lang='lat' dir='ltr'><strong>dequo</strong></span> 
     </span>
     <span class='ocr_line' id='line_1_25' title="bbox 210 2410 1303 2490; baseline 0 -18"><span class='ocrx_word' id='word_1_214' title='bbox 210 2412 288 2488; x_wconf 81' lang='lat' dir='ltr'><strong>Leo,</strong></span> <span class='ocrx_word' id='word_1_215' title='bbox 309 2413 409 2472; x_wconf 83' lang='lat' dir='ltr'><strong>stetim</strong></span> <span class='ocrx_word' id='word_1_216' title='bbox 423 2421 507 2490; x_wconf 86' lang='lat' dir='ltr'><strong>poet,</strong></span> <span class='ocrx_word' id='word_1_217' title='bbox 527 2410 655 2488; x_wconf 79' lang='lat' dir='ltr'><strong>tegulam</strong></span> <span class='ocrx_word' id='word_1_218' title='bbox 668 2412 795 2472; x_wconf 83' lang='lat' dir='ltr'><strong>eblstom</strong></span> <span class='ocrx_word' id='word_1_219' title='bbox 806 2413 920 2488; x_wconf 88' lang='lat' dir='ltr'><strong>scribit,</strong></span> <span class='ocrx_word' id='word_1_220' title='bbox 941 2421 971 2472; x_wconf 85' lang='lat' dir='ltr'><strong>et</strong></span> <span class='ocrx_word' id='word_1_221' title='bbox 985 2431 1046 2472; x_wconf 80' lang='lat' dir='ltr'><strong>une</strong></span> <span class='ocrx_word' id='word_1_222' title='bbox 1062 2411 1231 2472; x_wconf 79' lang='lat' dir='ltr'><strong>cincinnum</strong></span> <span class='ocrx_word' id='word_1_223' title='bbox 1244 2433 1303 2472; x_wconf 81' lang='lat' dir='ltr'><strong>cs·</strong></span> 
     </span>
     <span class='ocr_line' id='line_1_26' title="bbox 209 2495 1299 2580; baseline 0.003 -24"><span class='ocrx_word' id='word_1_224' title='bbox 209 2498 357 2580; x_wconf 89' lang='lat' dir='ltr'><strong>pillornm</strong></span> <span class='ocrx_word' id='word_1_225' title='bbox 377 2498 406 2558; x_wconf 85' lang='lat' dir='ltr'><strong>S.</strong></span> <span class='ocrx_word' id='word_1_226' title='bbox 423 2497 541 2566; x_wconf 80' lang='lat' dir='ltr'><strong>Ioannis</strong></span> <span class='ocrx_word' id='word_1_227' title='bbox 557 2495 721 2575; x_wconf 70' lang='lat' dir='ltr'><strong>Baptistae,</strong></span> <span class='ocrx_word' id='word_1_228' title='bbox 742 2497 965 2576; x_wconf 78' lang='grc' dir='ltr'><strong><em>ίμινειιίημίνον</em></strong></span> <span class='ocrx_word' id='word_1_229' title='bbox 985 2497 1025 2577; x_wconf 83' lang='lat' dir='ltr'><strong>[f.</strong></span> <span class='ocrx_word' id='word_1_230' title='bbox 1046 2495 1299 2577; x_wconf 77' lang='grc' dir='ltr'><strong><em>ἐμπιπιίημὲνον]</em></strong></span> 
     </span>
     <span class='ocr_line' id='line_1_27' title="bbox 210 2581 1299 2662; baseline 0.002 -22"><span class='ocrx_word' id='word_1_231' title='bbox 210 2583 330 2662; x_wconf 75' lang='grc' dir='ltr'><strong><em>αἵματι,</em></strong></span> <span class='ocrx_word' id='word_1_232' title='bbox 351 2581 494 2659; x_wconf 81' lang='lat' dir='ltr'><strong>seoguine</strong></span> <span class='ocrx_word' id='word_1_233' title='bbox 510 2589 690 2644; x_wconf 85' lang='lat' dir='ltr'><strong>concretum.</strong></span> <span class='ocrx_word' id='word_1_234' title='bbox 720 2581 795 2642; x_wconf 86' lang='lat' dir='ltr'><strong>Vide</strong></span> <span class='ocrx_word' id='word_1_235' title='bbox 807 2583 913 2642; x_wconf 81' lang='lat' dir='ltr'><strong>habbei</strong></span> <span class='ocrx_word' id='word_1_236' title='bbox 928 2581 1071 2642; x_wconf 83' lang='lat' dir='ltr'><strong>emendet.</strong></span> <span class='ocrx_word' id='word_1_237' title='bbox 1088 2586 1160 2648; x_wconf 84' lang='grc'><strong>376.</strong></span> <span class='ocrx_word' id='word_1_238' title='bbox 1177 2583 1210 2640; x_wconf 87' lang='lat' dir='ltr'><strong>D.</strong></span> <span class='ocrx_word' id='word_1_239' title='bbox 1231 2582 1299 2642; x_wconf 77' lang='lat' dir='ltr'><strong>teet</strong></span> 
     </span>
     <span class='ocr_line' id='line_1_28' title="bbox 88 2664 1299 2748; baseline 0.006 -24"><span class='ocrx_word' id='word_1_240' title='bbox 88 2676 97 2705; x_wconf 57' lang='grc' dir='ltr'><strong><em>ί</em></strong></span> <span class='ocrx_word' id='word_1_241' title='bbox 210 2685 343 2746; x_wconf 83' lang='lat' dir='ltr'><strong>quoque,</strong></span> <span class='ocrx_word' id='word_1_242' title='bbox 366 2664 419 2746; x_wconf 81' lang='lat' dir='ltr'><strong>qtri</strong></span> <span class='ocrx_word' id='word_1_243' title='bbox 437 2665 563 2746; x_wconf 84' lang='lat' dir='ltr'><strong>Glycem</strong></span> <span class='ocrx_word' id='word_1_244' title='bbox 574 2664 739 2747; x_wconf 84' lang='lat' dir='ltr'><strong>exscripsit,</strong></span> <span class='ocrx_word' id='word_1_245' title='bbox 762 2665 985 2748; x_wconf 66' lang='lat' dir='ltr'><strong>chronogroph.</strong></span> <span class='ocrx_word' id='word_1_246' title='bbox 1001 2671 1071 2735; x_wconf 86' lang='grc'><strong>181.</strong></span> <span class='ocrx_word' id='word_1_247' title='bbox 1082 2667 1116 2726; x_wconf 85' lang='grc' dir='ltr'><strong>Β.</strong></span> <span class='ocrx_word' id='word_1_248' title='bbox 1129 2667 1200 2746; x_wconf 79' lang='lat' dir='ltr'><strong>legit</strong></span> <span class='ocrx_word' id='word_1_249' title='bbox 1211 2689 1299 2730; x_wconf 74' lang='grc' dir='ltr'><strong><em>πεπι·</em></strong></span> 
     </span>
     <span class='ocr_line' id='line_1_29' title="bbox 209 2755 349 2813; baseline -0.021 -1"><span class='ocrx_word' id='word_1_250' title='bbox 209 2755 227 2812; x_wconf 78' lang='lat' dir='ltr'><strong>t</strong></span> <span class='ocrx_word' id='word_1_251' title='bbox 304 2772 349 2813; x_wconf 89' lang='grc' dir='ltr'><strong>ον.</strong></span> 
     </span>
     <span class='ocr_line' id='line_1_30' title="bbox 184 2751 1298 2923; baseline -0.002 -26"><span class='ocrx_word' id='word_1_252' title='bbox 184 2751 378 2904; x_wconf 54' lang='grc' dir='ltr'><strong>υημένίίιίὦ.</strong></span> <span class='ocrx_word' id='word_1_253' title='bbox 399 2833 454 2892; x_wconf 77' lang='lat' dir='ltr'><strong>lin·</strong></span> <span class='ocrx_word' id='word_1_254' title='bbox 478 2837 526 2900; x_wconf 79' lang='lat'><strong>12.</strong></span> <span class='ocrx_word' id='word_1_255' title='bbox 549 2831 583 2898; x_wconf 83' lang='grc' dir='ltr'><strong>ίν</strong></span> <span class='ocrx_word' id='word_1_256' title='bbox 594 2838 636 2918; x_wconf 76' lang='grc' dir='ltr'><strong>τῷ</strong></span> <span class='ocrx_word' id='word_1_257' title='bbox 648 2839 702 2915; x_wconf 76' lang='grc' dir='ltr'><strong>τῆς</strong></span> <span class='ocrx_word' id='word_1_258' title='bbox 718 2830 906 2918; x_wconf 80' lang='grc' dir='ltr'><strong><em>Θεομητορος</em></strong></span> <span class='ocrx_word' id='word_1_259' title='bbox 925 2841 1006 2923; x_wconf 73' lang='grc' dir='ltr'><strong>ναῷ]</strong></span> <span class='ocrx_word' id='word_1_260' title='bbox 1028 2835 1064 2895; x_wconf 91' lang='lat' dir='ltr'><strong>In</strong></span> <span class='ocrx_word' id='word_1_261' title='bbox 1083 2837 1225 2896; x_wconf 84' lang='lat' dir='ltr'><strong>Trocteto</strong></span> <span class='ocrx_word' id='word_1_262' title='bbox 1243 2857 1298 2903; x_wconf 83' lang='lat' dir='ltr'><strong>ms.</strong></span> 
     </span>
     <span class='ocr_line' id='line_1_31' title="bbox 206 2915 1302 3004; baseline 0.004 -23"><span class='ocrx_word' id='word_1_263' title='bbox 206 2920 285 2982; x_wconf 90' lang='lat' dir='ltr'><strong>Bibl.</strong></span> <span class='ocrx_word' id='word_1_264' title='bbox 302 2921 373 2998; x_wconf 81' lang='lat' dir='ltr'><strong>Reg.</strong></span> <span class='ocrx_word' id='word_1_265' title='bbox 394 2919 444 2978; x_wconf 92' lang='lat' dir='ltr'><strong>cui</strong></span> <span class='ocrx_word' id='word_1_266' title='bbox 458 2919 581 2978; x_wconf 88' lang='lat' dir='ltr'><strong>titulus:</strong></span> <span class='ocrx_word' id='word_1_267' title='bbox 606 2920 685 3001; x_wconf 76' lang='grc' dir='ltr'><strong><em>Περί</em></strong></span> <span class='ocrx_word' id='word_1_268' title='bbox 704 2917 883 3004; x_wconf 74' lang='grc' dir='ltr'><strong><em>Νικηφόρον</em></strong></span> <span class='ocrx_word' id='word_1_269' title='bbox 901 2926 957 2984; x_wconf 77' lang='grc' dir='ltr'><strong>τοῦ</strong></span> <span class='ocrx_word' id='word_1_270' title='bbox 978 2918 1123 2999; x_wconf 69' lang='grc' dir='ltr'><strong><em>ἄνακτος,</em></strong></span> <span class='ocrx_word' id='word_1_271' title='bbox 1144 2919 1197 2984; x_wconf 73' lang='grc' dir='ltr'><strong>καί</strong></span> <span class='ocrx_word' id='word_1_272' title='bbox 1217 2915 1302 2998; x_wconf 74' lang='grc' dir='ltr'><strong>ὅπως</strong></span> 
     </span>
     <span class='ocr_line' id='line_1_32' title="bbox 206 2997 1301 3088; baseline 0.001 -19"><span class='ocrx_word' id='word_1_273' title='bbox 206 2999 286 3087; x_wconf 77' lang='grc' dir='ltr'><strong><em>παρ’</em></strong></span> <span class='ocrx_word' id='word_1_274' title='bbox 303 3000 397 3068; x_wconf 72' lang='lat' dir='ltr'><strong>edocti</strong></span> <span class='ocrx_word' id='word_1_275' title='bbox 414 2997 600 3084; x_wconf 70' lang='grc' dir='ltr'><strong><em>ἀνεκομίσθη</em></strong></span> <span class='ocrx_word' id='word_1_276' title='bbox 613 3001 647 3067; x_wconf 79' lang='lat' dir='ltr'><strong>od</strong></span> <span class='ocrx_word' id='word_1_277' title='bbox 661 3004 694 3068; x_wconf 81' lang='grc' dir='ltr'><strong>ίιι</strong></span> <span class='ocrx_word' id='word_1_278' title='bbox 709 3009 764 3086; x_wconf 77' lang='grc' dir='ltr'><strong>τῆς</strong></span> <span class='ocrx_word' id='word_1_279' title='bbox 784 3010 914 3088; x_wconf 76' lang='grc' dir='ltr'><strong><em>πλευρᾶς</em></strong></span> <span class='ocrx_word' id='word_1_280' title='bbox 927 3010 982 3086; x_wconf 76' lang='grc' dir='ltr'><strong>τῆς</strong></span> <span class='ocrx_word' id='word_1_281' title='bbox 996 3000 1110 3080; x_wconf 76' lang='grc' dir='ltr'><strong><em>εἰκόνος</em></strong></span> <span class='ocrx_word' id='word_1_282' title='bbox 1124 3006 1237 3084; x_wconf 75' lang='grc' dir='ltr'><strong><em>ῥεῦσαι</em></strong></span> <span class='ocrx_word' id='word_1_283' title='bbox 1251 3002 1301 3070; x_wconf 77' lang='grc' dir='ltr'><strong>αῖ-</strong></span> 
     </span>
     <span class='ocr_line' id='line_1_33' title="bbox 207 3087 1301 3174; baseline -0.002 -21"><span class='ocrx_word' id='word_1_284' title='bbox 207 3115 251 3174; x_wconf 77' lang='lat' dir='ltr'><strong>po</strong></span> <span class='ocrx_word' id='word_1_285' title='bbox 266 3096 354 3154; x_wconf 78' lang='grc' dir='ltr'><strong><em>θεῖον</em></strong></span> <span class='ocrx_word' id='word_1_286' title='bbox 369 3093 424 3152; x_wconf 78' lang='grc' dir='ltr'><strong>τοῦ</strong></span> <span class='ocrx_word' id='word_1_287' title='bbox 437 3093 579 3170; x_wconf 78' lang='grc' dir='ltr'><strong><em>Σωτῆρος</em></strong></span> <span class='ocrx_word' id='word_1_288' title='bbox 600 3087 704 3170; x_wconf 70' lang='grc' dir='ltr'><strong><em>ἡμῶν,</em></strong></span> <span class='ocrx_word' id='word_1_289' title='bbox 725 3089 927 3170; x_wconf 82' lang='lat' dir='ltr'><strong>Nicephorum</strong></span> <span class='ocrx_word' id='word_1_290' title='bbox 943 3091 1079 3171; x_wconf 84' lang='lat' dir='ltr'><strong>euepicor</strong></span> <span class='ocrx_word' id='word_1_291' title='bbox 1100 3110 1169 3150; x_wconf 87' lang='lat' dir='ltr'><strong>cum</strong></span> <span class='ocrx_word' id='word_1_292' title='bbox 1188 3091 1301 3151; x_wconf 82' lang='lat' dir='ltr'><strong>loonne</strong></span> 
     </span>
     <span class='ocr_line' id='line_1_34' title="bbox 207 3175 1298 3256; baseline 0.001 -21"><span class='ocrx_word' id='word_1_293' title='bbox 207 3175 353 3236; x_wconf 80' lang='lat' dir='ltr'><strong>Tzimisce</strong></span> <span class='ocrx_word' id='word_1_294' title='bbox 367 3175 520 3236; x_wconf 81' lang='lat' dir='ltr'><strong>confundi.</strong></span> <span class='ocrx_word' id='word_1_295' title='bbox 542 3175 627 3234; x_wconf 72' lang='lat' dir='ltr'><strong>(loni.</strong></span> <span class='ocrx_word' id='word_1_296' title='bbox 644 3195 733 3254; x_wconf 87' lang='lat' dir='ltr'><strong>supro</strong></span> <span class='ocrx_word' id='word_1_297' title='bbox 749 3180 818 3242; x_wconf 83' lang='grc'><strong>103.</strong></span> <span class='ocrx_word' id='word_1_298' title='bbox 827 3176 861 3236; x_wconf 89' lang='lat' dir='ltr'><strong>A.</strong></span> <span class='ocrx_word' id='word_1_299' title='bbox 874 3177 945 3236; x_wconf 82' lang='lat' dir='ltr'><strong>item</strong></span> <span class='ocrx_word' id='word_1_300' title='bbox 962 3177 1092 3256; x_wconf 79' lang='lat' dir='ltr'><strong>Duoeug.</strong></span> <span class='ocrx_word' id='word_1_301' title='bbox 1106 3175 1173 3255; x_wconf 84' lang='lat' dir='ltr'><strong>Cpli</strong></span> <span class='ocrx_word' id='word_1_302' title='bbox 1188 3175 1298 3236; x_wconf 84' lang='lat' dir='ltr'><strong>Christ.</strong></span> 
     </span>
     <span class='ocr_line' id='line_1_35' title="bbox 208 3259 789 3326; baseline 0 -7"><span class='ocrx_word' id='word_1_303' title='bbox 208 3261 334 3326; x_wconf 85' lang='lat' dir='ltr'><strong>131.&#39;A.</strong></span> <span class='ocrx_word' id='word_1_304' title='bbox 351 3269 381 3319; x_wconf 90' lang='lat' dir='ltr'><strong>ot</strong></span> <span class='ocrx_word' id='word_1_305' title='bbox 393 3260 474 3320; x_wconf 87' lang='lat' dir='ltr'><strong>Nott.</strong></span> <span class='ocrx_word' id='word_1_306' title='bbox 487 3259 526 3318; x_wconf 78' lang='lat' dir='ltr'><strong>od</strong></span> <span class='ocrx_word' id='word_1_307' title='bbox 540 3261 645 3321; x_wconf 78' lang='lat' dir='ltr'><strong>Zenon</strong></span> <span class='ocrx_word' id='word_1_308' title='bbox 662 3264 734 3326; x_wconf 82' lang='grc'><strong>103.</strong></span> <span class='ocrx_word' id='word_1_309' title='bbox 754 3261 789 3319; x_wconf 89' lang='lat' dir='ltr'><strong>A.</strong></span> 
     </span>
     <span class='ocr_line' id='line_1_36' title="bbox 292 3340 1295 3426; baseline 0.002 -23"><span class='ocrx_word' id='word_1_310' title='bbox 292 3347 372 3424; x_wconf 75' lang='lat' dir='ltr'><strong>Pog-</strong></span> <span class='ocrx_word' id='word_1_311' title='bbox 392 3349 444 3410; x_wconf 77' lang='lat'><strong>72.</strong></span> <span class='ocrx_word' id='word_1_312' title='bbox 465 3344 518 3404; x_wconf 83' lang='lat' dir='ltr'><strong>lin.</strong></span> <span class='ocrx_word' id='word_1_313' title='bbox 541 3351 572 3411; x_wconf 78' lang='lat'><strong>2.</strong></span> <span class='ocrx_word' id='word_1_314' title='bbox 598 3343 732 3423; x_wconf 68' lang='grc' dir='ltr'><strong><em>ἔκλειψιν</em></strong></span> <span class='ocrx_word' id='word_1_315' title='bbox 751 3343 864 3426; x_wconf 74' lang='grc' dir='ltr'><strong><em>συνέβη</em></strong></span> <span class='ocrx_word' id='word_1_316' title='bbox 885 3389 894 3406; x_wconf 95' lang='grc'><strong>.</strong></span> <span class='ocrx_word' id='word_1_317' title='bbox 915 3387 926 3408; x_wconf 97' lang='grc'><strong>.</strong></span> <span class='ocrx_word' id='word_1_318' title='bbox 945 3348 1001 3408; x_wconf 82' lang='grc' dir='ltr'><strong>τοῦ</strong></span> <span class='ocrx_word' id='word_1_319' title='bbox 1022 3340 1111 3425; x_wconf 69' lang='grc' dir='ltr'><strong><em>ἡλίου</em></strong></span> <span class='ocrx_word' id='word_1_320' title='bbox 1135 3341 1295 3426; x_wconf 68' lang='lat' dir='ltr'><strong>periodos]</strong></span> 
     </span>
     <span class='ocr_line' id='line_1_37' title="bbox 206 3425 1297 3510; baseline 0 -22"><span class='ocrx_word' id='word_1_321' title='bbox 206 3425 253 3488; x_wconf 86' lang='lat' dir='ltr'><strong>De</strong></span> <span class='ocrx_word' id='word_1_322' title='bbox 271 3425 333 3486; x_wconf 89' lang='lat' dir='ltr'><strong>hoo</strong></span> <span class='ocrx_word' id='word_1_323' title='bbox 352 3427 424 3486; x_wconf 87' lang='lat' dir='ltr'><strong>solis</strong></span> <span class='ocrx_word' id='word_1_324' title='bbox 446 3427 592 3508; x_wconf 86' lang='lat' dir='ltr'><strong>deliquio,</strong></span> <span class='ocrx_word' id='word_1_325' title='bbox 614 3430 695 3490; x_wconf 86' lang='lat' dir='ltr'><strong>undo</strong></span> <span class='ocrx_word' id='word_1_326' title='bbox 710 3430 870 3510; x_wconf 71' lang='lat' dir='ltr'><strong>praecipue</strong></span> <span class='ocrx_word' id='word_1_327' title='bbox 888 3438 986 3509; x_wconf 87' lang='lat' dir='ltr'><strong>petet,</strong></span> <span class='ocrx_word' id='word_1_328' title='bbox 1008 3429 1228 3508; x_wconf 82' lang='lat' dir='ltr'><strong>expeditionem</strong></span> <span class='ocrx_word' id='word_1_329' title='bbox 1240 3431 1297 3509; x_wconf 77' lang='lat' dir='ltr'><strong>sy-</strong></span> 
     </span>
     <span class='ocr_line' id='line_1_38' title="bbox 205 3511 1297 3594; baseline 0.004 -24"><span class='ocrx_word' id='word_1_330' title='bbox 205 3512 319 3574; x_wconf 76' lang='lat' dir='ltr'><strong>riscum</strong></span> <span class='ocrx_word' id='word_1_331' title='bbox 336 3511 496 3591; x_wconf 90' lang='lat' dir='ltr'><strong>Nicephori</strong></span> <span class='ocrx_word' id='word_1_332' title='bbox 509 3513 547 3571; x_wconf 85' lang='lat' dir='ltr'><strong>ed</strong></span> <span class='ocrx_word' id='word_1_333' title='bbox 560 3533 628 3577; x_wconf 89' lang='lat' dir='ltr'><strong>snn.</strong></span> <span class='ocrx_word' id='word_1_334' title='bbox 648 3519 720 3581; x_wconf 89' lang='lat'><strong>968.</strong></span> <span class='ocrx_word' id='word_1_335' title='bbox 733 3515 895 3594; x_wconf 83' lang='lat' dir='ltr'><strong>pertinere,</strong></span> <span class='ocrx_word' id='word_1_336' title='bbox 917 3533 973 3574; x_wconf 92' lang='lat' dir='ltr'><strong>nec</strong></span> <span class='ocrx_word' id='word_1_337' title='bbox 985 3515 1111 3573; x_wconf 83' lang='lat' dir='ltr'><strong>Leonem</strong></span> <span class='ocrx_word' id='word_1_338' title='bbox 1126 3521 1297 3593; x_wconf 86' lang='lat' dir='ltr'><strong>temporum</strong></span> 
     </span>
     <span class='ocr_line' id='line_1_39' title="bbox 205 3597 1295 3679; baseline 0.004 -22"><span class='ocrx_word' id='word_1_339' title='bbox 205 3597 341 3658; x_wconf 84' lang='lat' dir='ltr'><strong>ordinem</strong></span> <span class='ocrx_word' id='word_1_340' title='bbox 361 3598 579 3672; x_wconf 74' lang='lat' dir='ltr'><strong>intervertisse,</strong></span> <span class='ocrx_word' id='word_1_341' title='bbox 599 3598 671 3658; x_wconf 79' lang='lat' dir='ltr'><strong>ride</strong></span> <span class='ocrx_word' id='word_1_342' title='bbox 691 3600 798 3660; x_wconf 78' lang='lat' dir='ltr'><strong>Calvio.</strong></span> <span class='ocrx_word' id='word_1_343' title='bbox 819 3601 876 3679; x_wconf 89' lang='lat' dir='ltr'><strong>Op.</strong></span> <span class='ocrx_word' id='word_1_344' title='bbox 897 3597 1029 3658; x_wconf 88' lang='lat' dir='ltr'><strong>chronol.</strong></span> <span class='ocrx_word' id='word_1_345' title='bbox 1045 3603 1117 3665; x_wconf 89' lang='lat'><strong>699.</strong></span> <span class='ocrx_word' id='word_1_346' title='bbox 1133 3600 1167 3662; x_wconf 88' lang='lat' dir='ltr'><strong>D.</strong></span> <span class='ocrx_word' id='word_1_347' title='bbox 1186 3599 1295 3661; x_wconf 78' lang='lat' dir='ltr'><strong>Bsrom</strong></span> 
     </span>
     <span class='ocr_line' id='line_1_40' title="bbox 205 3681 1296 3762; baseline -0.003 -18"><span class='ocrx_word' id='word_1_348' title='bbox 205 3681 317 3744; x_wconf 83' lang='lat' dir='ltr'><strong>Aunol.</strong></span> <span class='ocrx_word' id='word_1_349' title='bbox 334 3682 414 3744; x_wconf 85' lang='lat' dir='ltr'><strong>Eccl.</strong></span> <span class='ocrx_word' id='word_1_350' title='bbox 428 3681 506 3741; x_wconf 87' lang='lat' dir='ltr'><strong>xvl.</strong></span> <span class='ocrx_word' id='word_1_351' title='bbox 521 3683 592 3748; x_wconf 83' lang='lat'><strong>375.</strong></span> <span class='ocrx_word' id='word_1_352' title='bbox 611 3683 646 3742; x_wconf 91' lang='lat' dir='ltr'><strong>A.</strong></span> <span class='ocrx_word' id='word_1_353' title='bbox 662 3684 782 3762; x_wconf 80' lang='lat' dir='ltr'><strong>Pegium</strong></span> <span class='ocrx_word' id='word_1_354' title='bbox 801 3685 903 3744; x_wconf 87' lang='lat' dir='ltr'><strong>Critio.</strong></span> <span class='ocrx_word' id='word_1_355' title='bbox 921 3683 973 3746; x_wconf 91' lang='lat' dir='ltr'><strong>IV.</strong></span> <span class='ocrx_word' id='word_1_356' title='bbox 989 3689 1039 3750; x_wconf 90' lang='grc'><strong>19.</strong></span> <span class='ocrx_word' id='word_1_357' title='bbox 1056 3683 1094 3744; x_wconf 88' lang='grc' dir='ltr'><strong>Ι).</strong></span> <span class='ocrx_word' id='word_1_358' title='bbox 1109 3683 1241 3759; x_wconf 87' lang='lat' dir='ltr'><strong>Accidit,</strong></span> <span class='ocrx_word' id='word_1_359' title='bbox 1261 3691 1296 3743; x_wconf 88' lang='lat' dir='ltr'><strong>ut</strong></span> 
     </span>
     <span class='ocr_line' id='line_1_41' title="bbox 204 3765 1295 3849; baseline -0.003 -20"><span class='ocrx_word' id='word_1_360' title='bbox 204 3776 286 3829; x_wconf 87' lang='lat' dir='ltr'><strong>recte</strong></span> <span class='ocrx_word' id='word_1_361' title='bbox 304 3767 347 3827; x_wconf 85' lang='lat' dir='ltr'><strong>sit</strong></span> <span class='ocrx_word' id='word_1_362' title='bbox 359 3769 436 3843; x_wconf 88' lang='lat' dir='ltr'><strong>Leo,</strong></span> <span class='ocrx_word' id='word_1_363' title='bbox 459 3767 489 3826; x_wconf 87' lang='lat' dir='ltr'><strong>d.</strong></span> <span class='ocrx_word' id='word_1_364' title='bbox 504 3773 553 3834; x_wconf 72' lang='lat'><strong>22.</strong></span> <span class='ocrx_word' id='word_1_365' title='bbox 566 3768 736 3828; x_wconf 87' lang='lat' dir='ltr'><strong>Decembris</strong></span> <span class='ocrx_word' id='word_1_366' title='bbox 750 3790 776 3828; x_wconf 87' lang='lat' dir='ltr'><strong>o.</strong></span> <span class='ocrx_word' id='word_1_367' title='bbox 791 3773 863 3837; x_wconf 83' lang='lat'><strong>968.</strong></span> <span class='ocrx_word' id='word_1_368' title='bbox 877 3787 945 3828; x_wconf 89' lang='lat' dir='ltr'><strong>cum</strong></span> <span class='ocrx_word' id='word_1_369' title='bbox 962 3765 1147 3849; x_wconf 88' lang='lat' dir='ltr'><strong>Nicephorus</strong></span> <span class='ocrx_word' id='word_1_370' title='bbox 1159 3767 1191 3828; x_wconf 91' lang='lat' dir='ltr'><strong>in</strong></span> <span class='ocrx_word' id='word_1_371' title='bbox 1207 3767 1295 3847; x_wconf 80' lang='lat' dir='ltr'><strong>Syrie</strong></span> 
     </span>
     <span class='ocr_line' id='line_1_42' title="bbox 204 3852 1295 3933; baseline -0.002 -21"><span class='ocrx_word' id='word_1_372' title='bbox 204 3861 313 3932; x_wconf 85' lang='lat' dir='ltr'><strong>egeret,</strong></span> <span class='ocrx_word' id='word_1_373' title='bbox 334 3852 533 3932; x_wconf 85' lang='lat' dir='ltr'><strong>Lnitprsndus</strong></span> <span class='ocrx_word' id='word_1_374' title='bbox 547 3852 581 3910; x_wconf 90' lang='lat' dir='ltr'><strong>in</strong></span> <span class='ocrx_word' id='word_1_375' title='bbox 594 3852 708 3913; x_wconf 83' lang='lat' dir='ltr'><strong>itoliem</strong></span> <span class='ocrx_word' id='word_1_376' title='bbox 719 3855 836 3914; x_wconf 73' lang='lat' dir='ltr'><strong>rediens</strong></span> <span class='ocrx_word' id='word_1_377' title='bbox 852 3854 1045 3932; x_wconf 65' lang='lat' dir='ltr'><strong>Corcyraeis»</strong></span> <span class='ocrx_word' id='word_1_378' title='bbox 1058 3873 1160 3912; x_wconf 78' lang='lat' dir='ltr'><strong>mosea</strong></span> <span class='ocrx_word' id='word_1_379' title='bbox 1168 3855 1295 3933; x_wconf 79' lang='lat' dir='ltr'><strong>positus</strong></span> 
     </span>
     <span class='ocr_line' id='line_1_43' title="bbox 198 3935 983 4019; baseline -0.006 -22"><span class='ocrx_word' id='word_1_380' title='bbox 198 3957 314 4017; x_wconf 75' lang='lat' dir='ltr'><strong>partem</strong></span> <span class='ocrx_word' id='word_1_381' title='bbox 326 3935 495 3997; x_wconf 78' lang='lat' dir='ltr'><strong>comederet.</strong></span> <span class='ocrx_word' id='word_1_382' title='bbox 523 3938 621 4016; x_wconf 74' lang='lat' dir='ltr'><strong>Legat.</strong></span> <span class='ocrx_word' id='word_1_383' title='bbox 636 3940 676 3998; x_wconf 87' lang='lat' dir='ltr'><strong>sd</strong></span> <span class='ocrx_word' id='word_1_384' title='bbox 687 3937 811 4019; x_wconf 88' lang='lat' dir='ltr'><strong>Nicoph.</strong></span> <span class='ocrx_word' id='word_1_385' title='bbox 828 3939 951 4006; x_wconf 74' lang='grc'><strong>1691).</strong></span> <span class='ocrx_word' id='word_1_386' title='bbox 975 3979 983 3992; x_wconf 78' lang='lat'><strong>.</strong></span> 
     </span>
     <span class='ocr_line' id='line_1_44' title="bbox 291 4019 1292 4112; baseline -0.007 -27"><span class='ocrx_word' id='word_1_387' title='bbox 291 4022 369 4085; x_wconf 75' lang='lat' dir='ltr'><strong>leid.</strong></span> <span class='ocrx_word' id='word_1_388' title='bbox 390 4025 445 4084; x_wconf 75' lang='lat' dir='ltr'><strong>lio.</strong></span> <span class='ocrx_word' id='word_1_389' title='bbox 466 4028 497 4092; x_wconf 87' lang='grc'><strong>7.</strong></span> <span class='ocrx_word' id='word_1_390' title='bbox 517 4019 651 4112; x_wconf 74' lang='grc' dir='ltr'><strong>τετάρτη]</strong></span> <span class='ocrx_word' id='word_1_391' title='bbox 673 4023 863 4084; x_wconf 85' lang='lat' dir='ltr'><strong>Comhefisiue</strong></span> <span class='ocrx_word' id='word_1_392' title='bbox 877 4026 967 4083; x_wconf 79' lang='lat' dir='ltr'><strong>tertio</strong></span> <span class='ocrx_word' id='word_1_393' title='bbox 981 4021 1292 4105; x_wconf 76' lang='lat' dir='ltr'><strong>sp.Pegium1V.20.</strong></span> 
     </span>
    </p>
   </div>
   <div class='ocr_carea' id='block_1_3' title="bbox 0 0 1398 4616">
    <p class='ocr_par' dir='ltr' id='par_1_3' title="bbox 0 0 1398 4616">
     <span class='ocr_line' id='line_1_45' title="bbox 0 0 1398 4616; baseline 0 4"><span class='ocrx_word' id='word_1_394' title='bbox 0 0 1398 4616; x_wconf 95' lang='lat' dir='ltr'><strong> </strong></span> 
     </span>
    </p>
   </div>
  </div>
 </body>
</html>
