2786 4620
226 269 303 349 ³56
525 275 788 346 LUITPRANDI
813 275 1011 346 LEGATIO

225 441 290 524 pite
308 435 431 498 insidias
452 433 604 514 Densum,
626 445 657 496 ct
676 434 799 522 crimine
821 434 859 494 sb
872 455 933 496 uno
954 433 1059 496 discite
1075 454 1193 497 omneis
1220 436 1311 499 Nice·

225 542 338 626 phorus
355 537 502 620 mancipio
523 537 587 616 illi,
609 537 657 598 cui
679 535 872 598 collectitium
892 546 978 616 etque
993 537 1208 598 conductitium
1225 559 1312 599 com-

226 641 380 704 mendavit
399 640 578 719 exercitum,
599 639 756 722 pecuniam
774 639 844 698 setis
865 659 999 716 magnam
1017 638 1074 698 hsc
1085 639 1202 700 retione
1217 639 1311 717 dedit,

225 755 276 823 ut,
300 745 325 804 si
342 743 515 803 Adelbertus
533 763 601 802 cum
622 748 736 820 septem
755 738 887 800 millibus
905 741 1114 818 loricatorum,
1136 750 1166 800 et
1186 761 1220 800 eo
1243 763 1311 801 am-

226 847 321 930 plius,
343 845 420 904 sicut
431 843 596 919 mandevit,
618 863 650 902 oe
665 839 790 917 adierit,
809 849 883 900 tunc
899 841 1073 902 donativum
1093 843 1134 900 eis
1153 841 1232 902 illud
1246 843 1312 903 dis-

227 947 346 1008 tribuat.
390 945 472 1003 Gone
488 944 580 1004 freter
595 963 664 1004 suus
679 961 748 1002 cum
760 942 826 1020 ipso
841 951 870 1001 et
882 942 1019 1021 Argolico
1033 941 1167 1003 exercitu
1179 963 1236 1002 vos
1250 943 1311 1004 im-

225 1055 354 1130 pugnet,
370 1042 544 1106 ddelbertue
559 1065 632 1105 vero
646 1043 746 1106 Bereis
758 1042 912 1121 diligenter
928 1045 1119 1121 custodiatur,
1140 1043 1237 1104 donee
1250 1067 1311 1126 po·

225 1148 297 1208 titus
311 1145 440 1207 victorie
454 1146 546 1206 trater
558 1145 667 1206 redeat.
709 1145 799 1219 Quod
818 1145 844 1204 si
857 1145 976 1206 veniens
990 1156 1037 1206 tot
1048 1145 1203 1207 hominum
1215 1147 1311 1208 miliia

225 1269 288 1310 non
309 1247 429 1309 duxerit
435 1290 445 1324 ‚
472 1256 508 1307 ut
530 1247 681 1327 cupiatur,
708 1245 876 1323 vincietur,
902 1249 1044 1328 vobisque
1065 1269 1099 1310 eo
1121 1249 1310 1310 venientibus

224 1351 376 1426 trudetur,
398 1348 521 1430 insuper
531 1358 562 1408 et
572 1347 715 1428 pecunie,
741 1367 815 1426 quse
827 1349 855 1406 ei
869 1349 1045 1424 debebatur,
1068 1352 1227 1412 vestraein
1241 1371 1311 1411 me-

186 1456 284 1540 Ι(ἓιιιιε
299 1452 479 1527 conferetur,
497 1449 598 1511 edixit.
640 1451 666 1510 0
680 1449 860 1527 bellatorem,
883 1451 1048 1511 ofidelem!
1071 1453 1197 1533 prodere
1212 1453 1309 1534 cupit,

226 1555 276 1614 cui
294 1551 338 1634 2⁶)
360 1553 541 1612 defensorem
561 1561 661 1632 peret,
686 1550 868 1611 defensorem
888 1561 987 1632 perot,
1010 1571 1095 1632 quem
1116 1555 1241 1634 perdere
1256 1575 1309 1615 cu·

223 1657 285 1739 pit:
306 1657 339 1715 in
351 1665 459 1715 neutro
473 1653 557 1728 fides,
577 1652 610 1710 in
623 1662 751 1732 utroque
763 1653 936 1713 infidelitas:
955 1655 1041 1731 fecit,
1060 1675 1123 1735 ,quo
1137 1677 1199 1717 non
1211 1656 1290 1734 eguit
1295 1677 1307 1733 ;

226 1758 315 1837 eguit,
338 1755 419 1836 quod
428 1775 490 1814 non
505 1755 622 1814 feceret.
651 1754 708 1815 Sed
721 1764 793 1832 esto,
806 1756 919 1832 fecerit,
933 1767 969 1817 ut
983 1759 1110 1818 Graecos
1122 1758 1230 1834 decuit,
1251 1777 1309 1817 nos

225 1858 262 1917 ud
273 1857 458 1938 propositum
474 1855 636 1914 redeamus.
666 1856 780 1929 Quarto
796 1856 910 1918 decimo
919 1859 1063 1919 Ksiendas
1076 1859 1201 1939 Augusti
1213 1859 1307 1918 colle-

226 1959 342 2020 ctitium
356 1959 452 2039 ipsum
460 1937 601 2018 'navalem
616 1957 796 2036 exercitum,
817 1979 865 2018 me
880 1962 916 2020 sb
932 1963 1027 2021 invisa
1041 1963 1127 2021 domo
1144 1970 1307 2041 spectante,

225 2060 345 2120 dimisit.
386 2059 506 2118 Decimo
525 2060 614 2120 tertio
634 2069 749 2138 eutem,
772 2081 830 2141 quo
852 2062 900 2122 die
921 2063 999 2122 leves
1017 2061 1122 2122 Graeci
1137 2062 1305 2142 reptionem

223 2163 305 2224 Elias
325 2161 488 2242 Prophetae
510 2160 548 2220 ed
564 2161 658 2222 coelos
680 2162 761 2222 ludis
782 2164 905 2225 scenicis
922 2165 1086 2247 celebrent,
1106 2183 1153 2223 me
1172 2182 1203 2223 se
1222 2163 1307 2222 edire

223 2264 389 2346 praecepit3
412 2261 460 2321 cui
473 2271 503 2322 et
523 2263 578 2324 eit:
598 2263 759 2346 Imperium
778 2275 913 2326 nostrum
934 2263 1034 2346 copies
1051 2264 1084 2324 in
1096 2263 1233 2344 Assyrios
1249 2263 1306 2324 du-

225 2386 291 2427 cere
319 2364 428 2442 cogitet
454 2385 516 2424 non
541 2385 631 2444 super
658 2363 874 2444 theotimus,-
894 2366 1136 2446 quemadmodum
1166 2366 1306 2426 dominus

223 2479 308 2529 tuus:
329 2467 490 2548 praeterito
512 2466 624 2546 quippe
644 2485 722 2526 enno
742 2467 870 2546 idipsum
888 2469 984 2526 secere
1003 2467 1102 2543 volui,
1122 2468 1174 2528 sed
1193 2467 1305 2545 audito,
1329 2491 1338 2506 ·

224 2573 302 2652 quod
319 2567 456 2628 dominus
473 2577 543 2627 tuns
557 2567 676 2647 Imperii
691 2569 785 2627 nostri
800 2577 908 2628 terrem
918 2567 1175 2647 invederevellet,
1195 2566 1305 2627 dimis-

191 2673 264 2734 Dsis
279 2669 426 2749 Assyriis,
447 2668 533 2728 illuns
550 2688 652 2728 versus
667 2669 794 2729 habenas
809 2671 992 2731 retorsimuss
1013 2670 1202 2751 obviavitque
1213 2669 1305 2728 nobie

221 2775 256 2833 in
270 2769 442 2832 Macedonia
458 2771 629 2829 Dominicus
642 2770 808 2830 Venedicus
821 2773 947 2833 nuncius
963 2791 1050 2850 suus,
1074 2772 1126 2851 qui
1142 2772 1236 2831 multo
1254 2771 1306 2830 lr-

220 2875 293 2940 bore
315 2883 344 2932 et
358 2871 464 2932 sudore
481 2890 556 2941 nos,
578 2879 614 2929 ut
626 2882 862 2948 reverteremur,
890 2874 1014 2950 delusit,
1033 2872 1225 2933 iureiurando
1248 2894 1305 2934 no-

220 2976 267 3038 bis
281 2975 446 3050 affirmans,
466 2991 626 3052 numquam
645 2973 900 3049 dominumtuum
914 2996 975 3036 esse
990 2977 1023 3036 id
1040 2977 1235 3052 cogitaturum
1249 2995 1306 3037 ne-

222 3078 478 3149 dumfrcturum3
497 3083 645 3135 revertere
665 3095 732 3155 ergo
750 3077 926 3156 (quodcum
949 3076 1097 3137 sedissem
1109 3076 1218 3137 troitus
1240 3078 1303 3139 Deo
1354 3130 1357 3133 ,

219 3179 327 3257 gratiss
348 3177 423 3252 dixi)
446 3185 476 3236 et
493 3175 582 3254 haec,
606 3185 694 3256 etque
715 3177 790 3236 hoec
806 3188 857 3236 tuo
879 3178 998 3238 domino
1018 3177 1175 3238 nunciato:
1206 3177 1304 3240 sime
1353 3235 1355 3237 .

220 3287 387 3360 compotem
411 3277 531 3354 fecerit,
557 3276 621 3358 ipse
640 3277 750 3338 redito.
793 3279 848 3338 eoi
866 3279 979 3357 iubeat,
998 3281 1117 3361 inquom
1139 3282 1303 3342 Sanctissi-
1354 3308 1356 3311 ·

216 3399 300 3442 mum
314 3380 524 3459 Imperatorem
542 3375 590 3457 ²⁷)
615 3387 700 3438 tuum
716 3377 815 3437 mein
835 3381 949 3442 Italiam
965 3383 1023 3442 cito
1042 3383 1196 3461 advolare,
1220 3393 1304 3445 certe
1351 3421 1355 3428 ·

216 3481 348 3556 ratione,
372 3478 451 3558 quod
472 3477 609 3538 dominus
625 3499 724 3555 meus,
745 3500 820 3559 quae
835 3483 900 3544 vuit
914 3484 1073 3564 Imperium
1087 3493 1192 3563 tuum,
1216 3505 1304 3546 com·
1352 3541 1358 3552 ,

215 3579 315 3660 pleat,
346 3588 377 3638 et
395 3578 490 3636 laetus
512 3591 564 3655 ego
588 3579 627 3637 od
647 3590 677 3639 te
694 3581 820 3645 redeam.
863 3585 1027 3665 Quodque
1045 3595 1142 3646 mente
1160 3586 1301 3666 dixeritis,
1353 3571 1358 3593 ³

187 3685 274 3741 lineo
297 3680 410 3759 ipsum,
436 3677 515 3758 proh
528 3679 633 3758 dolor,
660 3681 758 3741 lstuit.
806 3684 880 3744 Nem
901 3687 1070 3763 subridens,
1092 3687 1182 3748 simul
1204 3689 1303 3769 cupite

215 3779 329 3855 innuit,
356 3798 461 3858 meque
480 3789 583 3840 contra
596 3791 683 3842 tenus
707 3803 737 3843 se
752 3784 938 3866 adorantem,
963 3798 1050 3868 etque
1071 3788 1229 3850 obeuntem
1247 3809 1302 3850 ex-

214 3889 278 3955 tre,
300 3881 373 3940 soris
391 3901 524 3958 manere,
546 3893 633 3962 etque
648 3885 686 3942 sd
707 3903 826 3944 coenem
841 3887 911 3949 allio
932 3898 963 3949 et
977 3909 1048 3970 cepa
1063 3891 1138 3950 bene
1159 3891 1301 3972 olentem,

215 3980 280 4043 oleo
294 3989 324 4041 et
340 4001 410 4060 gero
425 3981 575 4045 sordidam
589 3986 690 4048 venire
703 3987 869 4078 proecepit,
891 3993 1063 4074 magnisque
1077 3993 1125 4054 dis
1139 3993 1193 4054 ille
1213 3991 1302 4056 effeci

237 4179 293 4248 26)
310 4179 381 4238 Aliss
393 4181 445 4253 qui.
468 4181 544 4237 Gau.
612 4185 662 4254 27)
678 4184 749 4241 vore
762 4186 905 4257 imperinm.
923 4190 1007 4246 Mur.
