2780 4658
256 261 318 310 xn
697 249 734 323 c.
753 251 789 320 a.
810 249 927 320 flnsu
1007 186 1047 288 i-“ss

257 431 320 496 quo
338 395 561 490 lletu'oollegia
573 405 720 470 litteraria
738 416 770 470 et
786 407 1075 491 religioaaubirmaa
1097 411 1220 492 euertit,
1236 415 1357 478 'eodem

256 524 293 576 ut
308 513 402 575 multa
416 513 474 574 aliu
486 511 597 592 ingenii
613 491 807 572 monumenta
822 511 935 574 chartis
946 513 1110 576 reconditis
1125 515 1264 577 mandata
1272 563 1281 596 ‚
1306 517 1358 578 sic
1379 573 1380 576 ,

253 618 327 676 item
347 615 468 676 ultima
486 615 630 696 reliquiae
649 613 826 676 sedulitatis
840 615 1070 678 combefisianae
1094 615 1267 700 dissipavit,
1297 629 1360 680 eut

253 717 364 780 obruit
407 717 495 780 Certe
520 715 704 801 aequatum
725 737 794 780 cum
810 719 1015 799 expilareutnr
1034 719 1156 781 libraria
1176 721 1234 783 FF.
1247 723 1360 782 Domi-

251 821 447 901 uicanorum,
470 840 567 902 neque
589 841 658 882 cum
677 829 749 902 poet
771 821 974 902 surreptiones
988 824 1086 885 varias
1102 821 1174 884 libri
1187 821 1358 883 inderesi·

252 921 307 984 dui
330 941 385 1005 per
397 923 594 985 bibliothecae
613 923 744 984 diversas
757 923 976 1004 mutemur,
997 926 1158 1007 quicquam
1172 923 1209 985 de
1221 925 1357 1006 repertis

252 1025 421 1087 combefisii
444 1025 562 1088 schedis
583 1026 717 1086 auditum
731 1035 791 1104 est,
811 1025 923 1086 nedum
937 1026 976 1088 de
988 1029 1173 1088 versionibus
1189 1025 1298 1089 Leonis
1319 1037 1359 1088 et

251 1127 355 1192 Peelli:
376 1147 452 1210 quae
472 1129 522 1190 vel
537 1129 571 1188 in
582 1127 695 1189 latebre
708 1125 808 1206 elique
820 1125 956 1206 ignorata
971 1130 1149 1192 delitescunt
1162 1130 1280 1212 adhuc,
1297 1129 1356 1194 vel

250 1229 349 1317 (quod
364 1231 456 1310 megia
470 1241 516 1294 eat
528 1230 679 1303 credibile)
693 1227 815 1288 omnim
831 1227 922 1290 hodie
933 1233 1163 1297 interciderunt.
1239 1229 1241 1238 ’

335 1334 388 1398 lv.
409 1333 526 1413 Quere,
548 1333 599 1394 ubi
618 1331 709 1394 semel
721 1331 753 1392 in
768 1330 901 1393 animum
915 1333 1094 1396 induxeram
1109 1336 1235 1398 Leonem
1247 1337 1282 1397 in
1293 1337 1355 1398 lu-

129 1513 135 1516 ,
252 1455 324 1499 cem
339 1437 491 1519 profem,
512 1436 579 1498 lieri
596 1431 733 1518 oportuit
751 1453 861 1496 novam
881 1435 1157 1519 interpretationem
1178 1439 1241 1500 eins
1260 1439 1356 1500 Lati-

251 1563 337 1602 nam:
359 1550 445 1602 extra
458 1561 555 1624 pauca
568 1559 644 1622 quae
654 1557 746 1620 supra
758 1537 841 1614 dixi,
862 1536 897 1597 in
910 1539 1028 1601 Criticia
1041 1541 1176 1620 Pagianis
1187 1561 1355 1603 conterve-

249 1653 291 1706 ta.
333 1643 447 1706 Deinde
471 1641 637 1723 conquisivi
657 1659 734 1721 quae
746 1639 786 1700 ed
807 1641 1020 1703 illustrandum
1031 1643 1212 1726 scriptorem
1226 1653 1355 1726 specta·

250 1755 328 1809 rent.
370 1746 439 1826 Sed,
461 1766 550 1828 opera
565 1744 623 1804 ium
636 1745 698 1804 lere
708 1743 793 1826 prelo
805 1751 926 1825 parata,
947 1745 1118 1828 perspicere
1132 1745 1227 1826 coepi,
1249 1767 1362 1827 quan-.

250 1857 298 1910 tae
322 1849 385 1910 eius
403 1848 495 1910 editio
520 1847 712 1909 difficultates
737 1856 813 1906 esset
834 1844 991 1924 habitura,
1013 1867 1083 1907 cum
1095 1846 1184 1926 alies,
1209 1868 1284 1928 quae
1298 1847 1354 1908 hic

251 1951 372 2014 delinito
401 1950 524 2014 edisseri
544 1949 618 2030 quid
636 1949 765 2010 attinet?
790 1957 856 2008 tum
878 1948 1112 2029 magnitudinem
1133 1950 1351 2032 impensurum,

248 2055 356 2135 quibua
377 2075 434 2117 nec
452 2053 563 2138 privati
587 2051 719 2114 cuiusvis
732 2050 823 2111 nniue
834 2061 1028 2132 suppeterent
1042 2052 1130 2112 facile
1142 2054 1263 2135 copiae,
1290 2072 1352 2113 nec

149 2160 180 2216 P.
201 2163 234 2217 Vt
250 2167 331 2218 certe
346 2141 437 2218 m'eae.
477 2154 663 2230 Accedebat,
685 2162 721 2213 ut
732 2153 796 2234 ipse
810 2153 842 2213 in
856 2152 1042 2214 Bibliotheca
1056 2155 1147 2234 Regia
1157 2155 1214 2216 sub
1223 2155 1258 2215 id
1270 2165 1352 2216 tem·

245 2270 303 2342 pne*
312 2279 412 2320 eaaem
428 2256 685 2339 occupatissimus,
697 2255 834 2315 notitiam
849 2255 942 2316 Codd.
952 2256 1074 2317 Graeco.
1089 2277 1127 2316 ex
1141 2257 1227 2316 ltalia
1240 2278 1352 2318 recena

247 2363 407 2424 allatorum
427 2361 573 2421 conficere
586 2377 715 2434 conane,
738 2359 857 2437 qualem
869 2358 906 2419 de
919 2356 1013 2419 Codd.
1030 2357 1211 2418 Florentinis
1226 2359 1352 2419 Bendi-

246 2465 332 2542 nius,
362 2463 400 2522 de
424 2459 902 2523 vindobonensibus'Lembecius
924 2459 1093 2520 ediderunt.
1134 2460 1351 2540 Quamobrem,

247 2588 307 2649 quo
333 2567 438 2625 saltem
450 2564 662 2643 intelligerem,
685 2545 772 2642 quale
783 2562 918 2624 virorum
933 2561 1091 2622 doctomam
1104 2563 1251 2625 iudicium
1263 2566 1352 2627 iutu-

244 2689 314 2731 rum
333 2677 410 2728 esset
422 2666 459 2727 de
471 2667 585 2742 Leone,
607 2663 680 2724 satie
699 2674 774 2724 tunc
795 2663 904 2742 habui,
925 2663 1037 2724 librum
1050 2674 1182 2744 sextum,
1202 2675 1317 2728 uteret
1330 2689 1353 2730 a

244 2791 292 2833 me
315 2788 436 2846 versus,
458 2787 591 2828 seorsum
612 2767 783 2849 speciminis
803 2787 890 2827 eausa
904 2767 938 2826 in
958 2767 1056 2827 lucem
1070 2770 1207 2848 proferre
1223 2772 1352 2832 Notioea

245 2885 273 2933 et
282 2876 424 2934 Extrae'te
439 2870 491 2930 deo
507 2873 581 2931 rme.
596 2867 633 2929 de
649 2871 682 2930 Io
694 2869 909 2950 Bibliothique
923 2866 968 2938 du
983 2870 1047 2928 Boi
1058 2879 1115 2932 etc.
1130 2869 1211 2932 VHL
1225 2873 1290 2940 254
1302 2891 1352 2923 -'·

243 2979 316 3041 296.
357 2973 459 3053 Neque
473 2973 634 3054 quicquam
646 2971 773 3053 posthac
788 2973 913 3054 propius
929 2980 974 3031 eat
989 2971 1117 3051 factum,
1138 2994 1230 3054 qnam
1241 2985 1278 3036 ut
1290 2996 1351 3036 co-

242 3075 416 3156 gitationem
437 3074 576 3146 editionis
603 3074 736 3154 integrae
754 3077 876 3136 omnino
896 3073 1086 3136 dimitterem.
1128 3076 1253 3158 Aliquot
1272 3079 1352 3142 anni

242 3197 313 3237 cum
335 3178 379 3238 eic
400 3176 603 3255 effluxissent,
625 3197 672 3238 me
692 3179 760 3238 aliie
779 3175 1032 3238 sollicitudinibus
1047 3175 1186 3258 curiaque
1202 3179 1350 3260 distento,

242 3299 311 3342 ecce
332 3281 381 3341 vir
401 3280 524 3357 doctus,
547 3300 608 3360 quo
628 3299 716 3340 nemo
732 3281 813 3341 omni
827 3277 1014 3358 antiquitatis
1026 3280 1267 3359 septentrionalis
1278 3302 1351 3344 me-

240 3382 336 3442 moria
350 3382 565 3460 abundantior,
589 3401 677 3444 nemo
689 3385 722 3446 in
735 3383 937 3445 monumentis
952 3379 1095 3440 biatoriae
1111 3381 1254 3442 lluasicae
1270 3373 1350 3442 exa-

239 3484 398 3560 minandis,
422 3485 646 3567 comparandis,
669 3485 855 3568 explicandis
869 3483 987 3545 acutior
998 3493 1050 3544 eut
1064 3485 1198 3560 felicior,
1220 3483 1350 3566 Philip..

237 3607 296 3668 pus
309 3587 410 3667 Kana,
427 3588 602 3649 Academiae
615 3587 780 3670 inperialis
790 3585 983 3648 scientiarum
996 3587 1237 3668 Petrcpolitanae
1252 3586 1348 3648 decue

237 3701 269 3750 et
290 3701 515 3769 ornamentum,
537 3689 621 3750 ultro
644 3711 692 3752 me
712 3691 821 3752 litteris
844 3689 920 3751 mus
933 3687 1037 3770 puris,
1060 3687 1183 3767 amicis,
1206 3687 1348 3750 candidis

237 3792 332 3871 adiit,
354 3793 490 3874 nihilque
512 3791 649 3874 opinanti
672 3793 934 3870 commonstravit,
948 3791 1202 3872 quemadmodum
1217 3790 1262 3852 rei
1278 3791 1348 3873 pri-

237 3894 307 3956 dem
326 3895 482 3956 institutse
511 3894 649 3976 expediri
675 3899 773 3958 exitus
796 3905 906 3976 poeset.
947 3896 1061 3975 Nempe
1081 3893 1203 3974 imperii
1220 3891 1347 3952 llueeici

235 3999 473 4075 Cancellariurn,
495 4005 550 4060 etc.
566 3997 612 4059 ill.
639 3997 784 4058 Comitem
795 3998 952 4059 Nicolaum
964 4016 1003 4056 na
1017 3997 1219 4074 Romuoaa,
1239 3995 1347 4058 uirum

237 4108 273 4159 ut
297 4100 380 4162 omni
402 4119 576 4180 magnarum
602 4119 703 4160 rerum
717 4100 808 4161 laude
826 4101 1032 4189 cumulatum,
1051 4098 1095 4159 ita
1109 4108 1215 4159 natum
1227 4117 1346 4180 prove-

133 4269 137 4281 „
236 4197 343 4264 itendit
363 4201 535 4292 liberalibue
553 4202 678 4279 nutu,
699 4223 771 4264 cum
783 4203 817 4264 in
830 4215 935 4264 manua
946 4201 1010 4264 eiua
1025 4201 1180 4264 incidisset
1190 4201 1347 4282 specimen
