2786 4620
239 307 316 385 350
545 311 809 383 Lutrrnanol
828 311 1025 382 LEGATIO
1130 411 1138 426 ,

237 486 306 564 post
321 473 513 558 quatriduum
529 495 577 536 me
589 473 678 536 iussit
693 469 783 537 adire.
826 471 974 533 Sederant
988 491 1057 531 cum
1071 490 1106 532 eo
1122 469 1160 532 ad
1175 469 1339 552 discepta-

236 584 349 644 tionem
373 588 502 640 vernam
514 624 525 660 ,
554 575 720 637 secundum
749 595 852 636 eorum
877 574 1085 651 traditionem,
1119 571 1341 653 sapientissimi

235 683 305 762 viri,
327 682 428 742 Attico
442 680 588 762 pollentes
601 678 730 759 eloquio,
747 677 877 738 Basilius
890 675 1158 752 Paralairnomeuos,
1172 671 1215 758 18)
1238 674 1340 750 Proto

237 807 254 846 a
278 785 415 856 secretis,
443 781 705 856 Protovestiarius,
737 789 768 841 et
787 779 848 839 duo
869 778 1020 858 magistri,
1046 795 1174 858 qnorum
1192 773 1255 835 laec
1274 773 1340 834 suit

209 883 214 892 ’
236 884 417 950 narrationis
430 882 569 944 initium:
592 880 667 963 quid
681 901 786 942 causae
798 882 853 958 eit,
874 899 967 960 quare
981 886 1011 938 te
1024 877 1085 937 huo
1096 877 1243 958 fatigasti,
1267 877 1338 937 fra·

236 1000 298 1066 ter,
321 987 457 1049 edissere.
501 984 695 1060 Quibuscum
708 985 877 1064 parentelae
893 981 1002 1060 grstia,
1025 999 1100 1060 quae
1118 989 1196 1041 essct
1210 978 1337 1040 occasio

235 1089 369 1152 infinitae
389 1088 489 1171 pacis,
512 1088 677 1164 adicerem,
704 1086 862 1167 inquiunt:
892 1083 1027 1145 inaudita
1047 1103 1095 1144 res
1116 1093 1173 1159 eat,
1195 1090 1232 1142 ut
1254 1083 1338 1142 Por-

234 1191 445 1275 plryrogeniti,
466 1189 736 1271 Porphyrogenita,
757 1187 817 1248 hoc
838 1196 897 1265 eet,
919 1188 952 1246 in
970 1207 1106 1268 purpura
1121 1183 1182 1244 nati
1194 1181 1276 1259 filia,
1299 1181 1336 1241 in

234 1315 371 1377 purpura
392 1303 476 1370 nata,
500 1292 636 1371 gentibus
657 1290 833 1368 misceatur3
855 1309 959 1350 verum
974 1291 1043 1369 quia
1057 1299 1118 1348 tam
1134 1283 1335 1347 excellentem

207 1409 300 1462 Brem
316 1395 433 1477 petitis,
455 1395 481 1454 si
503 1393 580 1454 datis
601 1392 683 1475 quod
701 1392 801 1469 decet,
822 1391 973 1472 accipietis
991 1392 1073 1471 quod
1092 1390 1183 1465 libet3
1204 1389 1335 1447 lieven-

234 1519 304 1558 nem
329 1498 460 1572 scilicet,
482 1507 512 1556 et
524 1498 648 1556 Romam
671 1515 740 1554 cunr
760 1493 808 1554 his
825 1495 961 1554 omnibus
981 1491 1178 1582 continuatis,
1200 1507 1278 1569 quae
1294 1485 1334 1546 ab

234 1601 283 1661 hie
305 1611 376 1661 eunt
395 1617 489 1678 usque
508 1597 546 1656 ad
564 1617 629 1658 noa.
674 1596 705 1655 si
722 1615 795 1656 vero
811 1596 971 1657 amicitiam
986 1594 1095 1675 absque
1109 1593 1261 1676 parentela
1277 1591 1334 1651 de·

235 1702 386 1779 sideratis,
408 1703 530 1761 Romana
551 1698 676 1758 liberam
696 1719 758 1758 ease
773 1698 917 1758 Dominus
932 1707 1003 1759 tuus
1022 1697 1188 1779 permittat:
1209 1695 1335 1757 Princi-

234 1823 288 1884 pes
313 1811 426 1878 autem,
450 1803 623 1884 Capuanum
642 1799 773 1877 scilicet,
801 1809 832 1860 et
851 1801 1091 1861 Beneventanum
1112 1797 1215 1858 Sancti
1231 1798 1333 1860 nostri

235 1903 356 1984 imperii
378 1903 450 1962 olim
480 1923 600 1981 servos,
627 1923 708 1964 nunc
730 1903 870 1980 rebelles,
896 1902 1034 1964 seruituti
1052 1901 1198 1983 pristinae
1220 1901 1332 1966 madar.

237 2005 370 2082 Quibus,
392 2005 553 2066 Dominum
569 2017 682 2084 meunt,
704 2005 844 2086 inquam,
866 2005 1049 2086 potentiores
1063 2003 1172 2065 hebere
1185 2003 1332 2064 Schlavoa

239 2110 328 2170 Petro
349 2108 546 2187 Bulgarorum
566 2110 658 2188 Rege,
680 2109 732 2188 qui
748 2107 956 2189 Christophori
976 2107 1161 2188 imperatoris
1183 2105 1277 2165 liliam
1295 2103 1331 2164 in

236 2209 897 2290 coniugiumduxitetiamipeinenignoratia.
919 2207 1330 2289 SedChriatoplrorus,aiunt,

236 2333 299 2374 non
313 2312 589 2394 Porphyrogenitus
603 2311 684 2372 suit..
711 2314 804 2372 Roma
816 2333 903 2389 vero,
923 2313 1062 2393 inquam,
1086 2329 1175 2392 quam
1186 2329 1240 2370 vos
1253 2308 1331 2370 libe-

235 2437 299 2477 ram
329 2435 390 2476 ease
415 2413 493 2476 velle
518 2413 703 2495 perstrepitis
726 2414 775 2473 cni
799 2414 914 2476 serviti
949 2415 999 2474 oni
1022 2413 1135 2475 tnbuta
1156 2411 1331 2495 persolvit?

207 2518 344 2582 cNonne
362 2516 449 2597 priua
465 2515 669 2576 meretricibus
684 2501 853 2577 serviebat?
874 2525 905 2576 et
917 2518 1003 2579 vobis
1018 2515 1246 2592 dormientibus,
1266 2514 1331 2574 im·

234 2637 285 2678 mo
311 2639 374 2678 non
395 2617 578 2696 valentibus,
606 2619 750 2679 Dominus
771 2637 855 2679 meua
876 2620 1040 2700 Imperator
1061 2618 1211 2698 Augustus
1227 2637 1244 2676 a
1263 2625 1330 2676 tam

234 2721 319 2801 turpi
335 2719 479 2780 servitute
496 2718 658 2780 liberavit?
680 2722 893 2783 Constantinus
905 2723 1071 2804 Imperator
1085 2720 1253 2800 Augustas,
1274 2719 1330 2798 qui

235 2821 315 2884 banc
331 2841 371 2882 ex
386 2841 441 2882 suo
454 2819 576 2882 nomine
590 2823 726 2884 condidit
740 2825 907 2904 civitatem,
929 2827 1052 2886 Sanctae
1065 2823 1254 2905 Apostolicae
1265 2823 1329 2882 llo-

234 2943 340 2986 manae
360 2923 527 3001 Ecclesiae,
548 2935 585 2985 ut
606 2936 669 2986 erat
690 2927 919 3006 Kosmocrator,
946 2929 1040 2989 multa
1060 2926 1183 2988 donaria
1200 2924 1330 2986 contulit

233 3049 296 3089 nen
315 3027 349 3088 in
365 3027 452 3088 ltalia
469 3027 582 3105 solum,
602 3029 701 3088 sedin
719 3031 854 3091 omnibus
867 3051 942 3112 pene
954 3029 1197 3091 Occidentalibua
1211 3027 1328 3106 Regnis,

233 3151 290 3193 nce
313 3151 376 3192 non
393 3131 431 3193 de
445 3129 645 3190 Orientalibus
667 3143 754 3212 atque
774 3133 961 3212 Meridianis,
984 3133 1109 3194 Graccis
1123 3131 1256 3208 scilicet,
1276 3130 1329 3190 Iu·

234 3233 307 3309 dea,
337 3233 471 3309 Perside,
501 3232 733 3314 Mesopotamia,
761 3235 944 3316 Babylonia,
978 3235 1130 3315 Aegypto,
1156 3231 1268 3312 Libya,
1294 3239 1330 3290 ut

234 3333 330 3414 ipsius
345 3343 493 3396 testantur
506 3337 662 3418 privilegia
670 3385 680 3416 ,
706 3357 782 3419 quae
794 3357 885 3418 penes
898 3359 952 3398 noe
968 3347 1048 3397 sunt.
1091 3337 1168 3396 Saue
1183 3333 1329 3416 quidquid

235 3434 269 3492 in
283 3435 387 3511 ltalia,
409 3437 506 3498 sedin
520 3439 667 3516 Saxonis,
689 3441 840 3518 Baioaria,
862 3440 996 3500 omnibus
1014 3439 1133 3498 Domini
1148 3437 1209 3498 mei
1223 3436 1328 3516 Regula

202 3543 296 3613 neat,
324 3537 406 3615 quod
429 3538 467 3599 ad
487 3539 699 3619 Apostolorum
718 3543 877 3602 Beatorum
900 3541 1062 3602 Ecclesiam
1085 3537 1225 3620 respicit,
1253 3541 1329 3599 San-

234 3637 436 3699 ctissimcrum
454 3637 668 3719 Apostolorum
682 3643 802 3706 Vicario
823 3644 960 3705 contulit.
1001 3643 1078 3704 Etsi
1093 3651 1152 3720 est,
1173 3651 1211 3702 ut
1226 3640 1330 3702 Domi·

234 3759 292 3800 nus
312 3759 396 3801 meus
416 3759 455 3801 ex
476 3741 525 3802 his
546 3743 683 3804 omnibus
703 3745 855 3822 civitates,
881 3745 987 3823 villas,
1014 3745 1142 3822 milites,
1166 3753 1219 3804 aut
1243 3741 1329 3804 tami·-

232 3839 306 3901 liam
330 3843 478 3920 obtineat,
512 3844 607 3904 noum
629 3847 750 3926 negavi:
787 3849 848 3908 Cur
867 3847 1031 3928 Inperator
1050 3867 1123 3909 vero
1143 3865 1208 3908 non
1226 3845 1330 3906 itidem

232 3942 319 4022 facit,
346 3955 382 4004 nt
404 3965 454 4022 ea,
484 3965 560 4026 quae
582 3945 645 4008 anie
667 3949 771 4009 meunt
794 3949 920 4028 liegarde,
947 3949 1158 4031 Apostolorum
1183 3948 1330 4010 Ecclesiae

230 4045 352 4124 reddat,
375 4057 405 4108 et
417 4067 473 4130 per
489 4049 639 4130 laborem,
661 4053 756 4134 atque'
764 4051 999 4115 munificentiam
1011 4050 1132 4115 Domini
1151 4050 1213 4112 mei
1231 4051 1328 4126 ditem,

267 4247 310 4302 18.
332 4247 364 4303 ld
380 4251 422 4304 eat
441 4250 627 4308 &dunense
645 4251 722 4308 Gan
