2780 4658
178 407 182 413 ⁴
246 341 292 393 n
679 315 928 389 (1.Β.ἨΑ8Π’

249 490 355 568 dorio,
377 484 571 568 Chryeolora,
592 479 750 542 Theodoro
764 479 861 555 Gaza,
883 470 1104 553 Chaleondyla,
1124 472 1158 534 id
1179 489 1269 552 genua
1285 467 1343 530 di·
1383 481 1388 490 ·’

241 591 337 654 cendi
358 593 492 671 opret'um
516 594 560 646 eat
579 604 614 644 ac
633 584 797 666 repulsum.
839 579 936 639 Simul
953 575 1043 636 iidem
1057 573 1154 654 ,primi
1174 579 1344 654 coeperunt
1383 559 1388 596 ¹

156 697 188 750 Ρ.
202 697 237 750 tx
252 696 349 756 minua
366 691 515 753 serviliter
534 695 669 747 veterum
689 686 802 766 stylum
823 703 860 742 ac
881 678 1032 742 scribendi
1052 678 1199 737 rationem
1214 675 1345 736 imitari.
1386 691 1388 700 ·

246 799 321 860 Nam
339 803 415 872 ante,
427 791 521 854 veluti
534 797 671 849 emortua
683 788 794 866 lingum,
810 784 867 845 eibi
879 783 939 864 ipai
954 780 1131 841 diffidebant
1145 781 1206 840 lere
1218 798 1345 855 omnea;
1386 781 1388 804 ²

248 911 280 960 et
298 905 382 959 erant
393 905 535 975 tanquam
546 889 680 950 anniculi
692 889 830 964 infantes,
851 885 904 966 qui
914 882 1035 944 nonniei
1048 883 1080 941 in
1095 882 1264 958 curriculo,
1287 887 1348 940 aut

249 1007 408 1085 praeeunte
430 997 522 1073 duce,
543 991 738 1054 inambulant.
778 990 845 1051 Non
864 1007 1024 1069 perennem
1038 1005 1073 1043 ac
1087 992 1260 1065 perpetuam
1273 990 1348 1040 tum

168 1091 170 1098 ¹
251 1099 430 1184 simplicium
444 1108 509 1162 tum
524 1097 736 1156 collocatorum
754 1093 913 1154 verborum
931 1098 962 1149 et
973 1089 1064 1149 totiua
1077 1094 1244 1146 structurae
1263 1103 1350 1144 con-

253 1206 425 1268 cinnintam
443 1215 659 1277 numerumque
681 1194 924 1268 aemulabantur,
944 1212 1007 1252 non
1030 1188 1132 1270 (quod
1146 1195 1237 1267 caput
1258 1181 1348 1266 erat)

252 1309 365 1370 animoa
391 1313 504 1366 erector
517 1310 664 1361 veterum:
686 1298 738 1356 aed
753 1297 868 1377 siquos
883 1293 1090 1355 existimabant
1107 1288 1270 1350 imitatione
1291 1286 1350 1348 di·-

253 1431 342 1492 gnor,
363 1427 464 1469 eorum
486 1403 608 1485 phraeea
628 1399 763 1480 undique
786 1407 917 1479 arreptae
931 1396 970 1455 ad
985 1394 1110 1457 verbum
1126 1393 1352 1454 tranaferebeut

252 1514 285 1573 in
316 1511 440 1595 propria
466 1507 587 1586 scripte.
628 1504 728 1582 Neque
750 1500 808 1561 alio
829 1507 920 1580 pacto
939 1499 998 1560 Leo
1021 1499 1091 1577 egit.
1132 1497 1352 1557 Verumtamen

251 1615 332 1676 inter
354 1633 421 1674 eum
444 1619 475 1669 et
495 1607 630 1688 aequales
650 1604 742 1685 ipaiua
766 1603 845 1662 illud
863 1602 1003 1677 intereat,
1026 1599 1109 1680 quod
1126 1598 1177 1677 hi,
1199 1607 1352 1678 quantum

252 1725 391 1799 ponent,
414 1731 515 1774 omuee
526 1707 743 1791 propemodum
755 1705 889 1765 omnium
901 1714 1057 1765 auctorum
1069 1702 1216 1763 nobilium
1231 1717 1351 1760 conau-

253 1828 370 1880 merent
389 1815 505 1876 arculas
526 1811 686 1886 imitando,
707 1807 814 1868 Leonis
835 1825 930 1866 sermo
943 1825 959 1865 a
971 1805 1067 1865 tribua
1081 1804 1198 1865 demum
1209 1800 1352 1862 fontibus

253 1920 394 1996 fluxerit,
416 1938 455 1978 ex
468 1914 604 1976 veroione
615 1933 689 1974 m.
702 1911 898 1990 interpretum
920 1907 1027 1987 (libros
1045 1907 1118 1967 novi
1132 1905 1271 1966 Foederie
1288 1903 1353 1962 mi-

253 2042 312 2084 nua
328 2021 432 2081 crebro
453 2010 627 2099 compilat),
648 2035 687 2074 ex
700 2015 848 2089 Homero,
870 2031 908 2071 ex
919 2009 1043 2088 Agathia
1056 2006 1228 2088 llyrinenai.
1269 2005 1352 2065 Inde

253 2122 387 2204 piaretur
404 2126 448 2179 eat
457 2117 635 2196 locutiones,
656 2116 765 2197 quibua
779 2115 890 2195 acripta
904 2112 1025 2172 infercit
1037 2120 1067 2170 et
1079 2112 1180 2190 explet
1195 2129 1258 2188 aua,
1276 2117 1351 2167 tan-

256 2243 344 2302 quam
366 2221 398 2280 in
422 2241 518 2280 unum
539 2239 643 2299 agrum
662 2219 753 2299 plura
775 2215 855 2276 inter
880 2235 912 2274 ee
927 2213 1048 2274 inimica
1070 2233 1209 2295 epargena
1223 2212 1352 2272 ceruina.

255 2323 316 2384 Sed·
335 2341 399 2381 non
417 2323 511 2382 refert
529 2320 625 2380 alieno
639 2328 749 2379 ornatu
766 2317 947 2394 distinguere
970 2315 1151 2394 sermonem,
1172 2313 1232 2375 uiai
1253 2333 1352 2392 quoae

255 2425 290 2485 id
312 2445 381 2484 cum
401 2423 514 2484 iudicio
529 2432 655 2503 apteque
678 2421 787 2479 heere:
809 2417 965 2494 minusque
979 2435 1069 2493 genus
1084 2415 1203 2477 dicendi
1218 2416 1281 2476 eiua
1294 2415 1354 2476 vi-

257 2527 378 2588 deretur
390 2523 612 2598 inconcinnum,
628 2522 664 2598 ai,
686 2518 821 2600 deponito
835 2516 915 2577 omni
929 2515 1091 2577 rhetoricea
1107 2517 1247 2598 strepitu,
1270 2516 1357 2577 Con·

257 2625 383 2688 alentini
392 2622 670 2704 Porphyrogenetae
680 2621 820 2702 exemplo.
829 2621 879 2679 vel
893 2619 931 2680 ad
944 2619 1062 2680 infimae
1080 2619 1175 2701 plebia
1183 2619 1355 2680 orationem

257 2729 317 2788 Leo
340 2745 402 2786 aeae
422 2725 587 2789 deiecisset.
628 2725 658 2786 Ie
678 2734 782 2784 contra
801 2722 939 2804 Agathia,
961 2721 1355 2802 cuiuagrandiloquentiam

259 2835 291 2890 et
311 2825 491 2886 cothurnum
509 2828 567 2904 vix,
584 2847 665 2888 nuno
688 2827 825 2904 ferimur,
854 2827 975 2888 ridetur
996 2825 1156 2907 praecipue
1175 2826 1354 2888 delectatur.

255 2931 327 2992 Hoc
339 2929 542 2990 demonatrevi
555 2929 651 2990 alletia
665 2929 698 2988 in
714 2929 932 2990 Commentario
944 2929 1040 3006 (velut
1054 2933 1125 2995 206.
1143 2925 1189 3009 C.)
1203 2927 1284 2988 illiue
1297 2929 1353 2988 lo-

151 3057 155 3068 ·
260 3033 319 3110 oia,
342 3053 405 3093 non
414 3033 525 3111 ubique
540 3040 655 3092 tamen:
676 3051 745 3090 uam
759 3032 856 3092 omnia
869 3031 991 3092 minima
1003 3031 1134 3091 maxima
1146 3029 1269 3108 vestigia
1280 3029 1353 3090 imi.

258 3134 382 3195 tationia
405 3134 543 3212 colligere
564 3133 704 3213 putidum
719 3143 781 3194 erat
798 3153 855 3194 nec
867 3133 1051 3193 conducebat
1065 3133 1225 3213 quiequam
1239 3131 1278 3192 ad
1289 3153 1352 3194 au·-

262 3236 354 3297 ctoria
380 3255 447 3295 eum
470 3234 745 3315 interpretationem
766 3244 831 3296 tum
849 3235 1092 3298 emendationem.
1138 3233 1164 3296 E
1189 3233 1352 3315 Procopio,

260 3337 403 3398 ieiuniore
425 3337 504 3416 etylo
527 3357 574 3396 ree
588 3345 751 3415 tractante,
772 3335 851 3396 nihil
861 3337 981 3399 videtur
995 3339 1132 3400 eumeiaee
1144 3346 1263 3419 praeter
1275 3357 1352 3400 aen-

261 3438 402 3498 tentiolaa
423 3438 581 3518 quaedam,
603 3438 727 3502 exordio
742 3448 773 3498 et
788 3440 969 3502 orationibus
983 3442 1092 3523 paaaim
1107 3441 1242 3503 ineerta.
1283 3441 1351 3501 Ne—

262 3559 322 3618 que
335 3559 458 3618 uequam
470 3540 533 3600 ullo
552 3542 677 3620 vestigio
690 3541 909 3622 deprehendere
923 3545 1005 3623 licet,
1018 3545 1173 3625 primarioe
1187 3542 1351 3624 scriptores

262 3639 485 3720 Thucydidem,
508 3642 680 3722 Polybium,
701 3644 912 3724 Plutarchum,
933 3645 970 3706 ab
993 3666 1026 3706 eo
1046 3665 1110 3706 eaae
1132 3645 1349 3726 pervolutetoe.

262 3743 416 3804 Praeterea
437 3744 563 3825 reperies
580 3745 614 3806 in
632 3765 667 3832 eq
689 3747 865 3826 plerumque
877 3753 1011 3822 τοιοῦτος
1024 3748 1168 3827 positum,
1190 3747 1241 3808 ubi
1253 3748 1352 3810 Attici

264 3838 351 3919 οὗτος
369 3845 565 3926 ecripaiaaeut.
607 3849 750 3910 Similiter
774 3869 862 3910 naum
883 3850 1094 3911 creberrimum
1119 3851 1350 3932 praepoeitionia

263 3942 354 4017 nutui,
376 3968 433 4026 pro
444 3947 492 4010 ἒν·
510 3948 669 4025 νε]υῒ,,ιιϊ
686 3950 746 4011 hoc
764 3961 851 4028 uter,
873 3955 944 4018 108.
965 3952 997 4012 C.
1012 3957 1075 4026 τοῖς
1086 3949 1162 4016 umal
1178 3949 1235 4034 ”iv
1246 3946 1362 4018 Ἀσίαν.

172 4079 176 4084 ·
265 4041 466 4127 στασιάζουσι,
494 4049 705 4110 rebelluntibua
726 4055 760 4112 in
778 4054 871 4119 Aria.
912 4053 1023 4116 Verum
1044 4052 1120 4114 haec
1141 4055 1169 4116 ei
1182 4056 1350 4118 eommunia

264 4169 334 4210 cum
350 4151 659 4231 caeteriallyzantinia.
678 4154 758 4216 Illud
772 4155 932 4236 peculiare,
946 4177 1057 4237 ponere
1070 4157 1252 4219 infinitivum
1269 4159 1350 4218 fune.

263 4251 301 4327 ri,
323 4251 377 4312 uhi
390 4251 493 4313 aoria'ti
502 4255 555 4331 ¹vel
564 4258 727 4335 praecentis
743 4268 909 4340 exspecter,
930 4236 1095 4340 praecipue
1102 4269 1171 4341 poet
1184 4253 1351 4340 βούλεσθαι
