2802 4624
342 333 386 405 ΙΝ
406 331 561 404 LEONIS
582 332 763 402 DIACONI
783 333 862 402 LIB.
887 332 929 402 X·
1101 327 1177 406 499

90 495 136 550 oie
151 487 363 566 comidebant,
382 512 421 550 ac
434 491 517 550 aelut
531 509 621 568 super
632 491 773 547 oneraria
782 477 858 548 navi
871 487 1065 552 vehebantur.
1084 493 1178 554 Aliae

90 578 196 638 lintres
218 577 268 633 uel
281 575 501 634 hauriebantur
510 573 680 654 fluctibus.-
703 584 767 631 tarn
785 577 930 652 infestum
947 587 1061 636 tuncse
1077 578 1177 639 decla·

88 661 181 718 rabat
195 663 366 738 Dannpris.
405 661 471 718 Nos
487 679 556 716 vero
572 659 615 717 ibi
631 679 718 736 aegre
734 657 848 739 diuque
865 665 1110 741 exspectavimus,
1124 688 1178 724 ve-

86 747 139 803 lut
155 756 357 802 succensentes
362 743 510 822 flumini,
532 740 616 822 quod
626 764 686 800 non
701 755 773 800 esset
789 746 972 824 glaciatum.
1013 749 1075 808 Nec
1095 751 1179 807 mul-

53 881 59 897 „
89 832 132 886 tis
162 828 269 886 diebus
284 840 355 906 post
375 838 441 885 erat
466 838 638 905 aquatum
657 824 798 907 undique¹
809 830 881 908 gelu
906 834 1084 910 constricta,
1112 845 1179 892 tum

91 913 220 991 mirifice
227 914 342 990 firma.-
365 922 402 968 ut
414 910 532 990 pedites
553 915 722 990 equitesque
736 913 882 992 intrepide
891 917 1079 994 perflatum
1094 939 1177 975 com·

90 1008 241 1072 mearent,
264 999 486 1074 certaminaque
498 1007 646 1074 tanquam
658 999 691 1054 in
706 1001 821 1076 campis
834 1009 950 1056 strenue
963 999 1087 1062 ederent.
1127 1002 1178 1062 len

93 1084 187 1162 quasi
210 1082 474 1158 praestigiatorem
504 1081 635 1158 aliquem
663 1103 694 1138 se
714 1083 876 1160 Danapris
892 1083 1068 1162 praebebat,
1085 1089 1178 1165 prius

96 1167 239 1224 violenter
261 1185 299 1222 ac
318 1185 405 1222 saeve
424 1166 537 1238 elatus,
560 1177 590 1222 et.
601 1186 697 1242 prope
711 1163 815 1223 eliaam
826 1169 1039 1245 aspicientibus
1055 1174 1178 1230 uniam

1 1319 2 1325 ¹
94 1252 139 1308 sis
153 1260 291 1306 terrorem
306 1251 459 1309 inliciens:
482 1251 650 1326 mirumque
666 1248 788 1306 eundem
803 1250 885 1308 brevi
904 1262 1031 1330 tempore
1044 1255 1178 1312 submis-

96 1335 369 1412 sumfroctumque
382 1332 455 1390 adeo
469 1331 576 1410 rideri,
599 1343 634 1389 ut
646 1330 806 1390 illuderent
821 1345 848 1390 et
861 1337 1069 1395 conculcarent
1079 1360 1179 1398 omnes
1240 1393 1248 1406 ,

1 1473 2 1478 ,
94 1421 188 1497 quasi
209 1418 434 1476 subterraneum
444 1419 585 1494 sactum,
607 1427 635 1474 et
653 1419 686 1474 in
705 1416 868 1476 latibulum
883 1417 1014 1496 aliquod
1031 1441 1052 1479 a
1066 1441 1097 1477 se
1110 1427 1176 1500 ipso

1 1543 2 1570 2
94 1502 315 1563 absconditum.
359 1503 464 1582 Neque
482 1504 560 1560 enim
583 1511 702 1559 tanturn
721 1521 821 1580 aquas
836 1514 992 1561 manantes
1012 1506 1178 1579 referebant

1 1583 2 1650 ἶ
84 1589 224 1668 fluenta,
248 1599 395 1666 quantum
411 1597 523 1644 montes
547 1607 668 1666 asperos
694 1596 721 1642 et
733 1597 871 1664 petrosos
892 1586 1092 1646 ostendebant.
1133 1593 1178 1650 Et

1 1671 2 1674 '
92 1673 307 1751 subterfluens
324 1674 426 1751 liquor
441 1692 576 1750 quanam
593 1674 625 1728 in
639 1692 670 1726 re
683 1689 783 1749 aquae
797 1671 845 1728 ael
855 1692 918 1749 par
931 1673 980 1729 vel
992 1674 1104 1732 similis
1112 1696 1176 1754 po·

92 1767 172 1814 terat
187 1755 305 1814 videri?
348 1753 408 1838 (Π.)
431 1757 482 1815 Ita
496 1758 646 1814 moestitia
663 1765 767 1813 nostra
787 1758 820 1814 in
835 1755 1021 1815 bilaritatem
1035 1779 1179 1820 concrema

92 1853 153 1900 est:
183 1841 340 1920 complosis
358 1842 500 1900 manibus
514 1843 653 1920 proxime
672 1842 869 1916 accessimus,
886 1861 944 1919 per
964 1863 1073 1922 aequor
1093 1847 1182 1923 equi-

93 1936 199 1985 tantee.
249 1928 442 2004 Transgressi
461 1926 546 1982 nullo
563 1927 680 2003 negotio
697 1945 765 1981 cum
781 1927 814 1982 in
830 1927 932 1983 vicum
945 1930 1061 1986 Borion
1081 1931 1179 1986 uenia

93 2031 209 2086 semus,
231 2008 276 2066 ad
293 2030 402 2086 corpus
416 2007 609 2086 reficiendum
625 2011 819 2086 iumentoque
833 2009 971 2068 curanda
986 2033 1042 2070 nos
1055 2011 1181 2072 conver-

95 2097 207 2168 timus,
231 2113 309 2172 quae
326 2095 395 2170 ipsa
411 2114 444 2149 ea·
454 2095 566 2150 maiori
575 2102 665 2169 parte
680 2103 734 2149 aut
747 2103 832 2150 erant
846 2093 1005 2171 invalida,
1026 2107 1082 2152 aut
1096 2095 1179 2172 defe-
1210 2111 1212 2116 '

97 2188 209 2240 corant.
255 2177 407 2252 Confectio
426 2177 470 2234 ibi
488 2175 595 2232 diebus
609 2176 729 2254 aliquot
742 2179 918 2234 necessariis
934 2175 979 2234 at
992 2181 1073 2238 vires
1089 2199 1181 2258 repa·-

97 2259 232 2336 randas,
255 2261 485 2340 accingebamus
499 2279 555 2318 nos
568 2261 814 2318 Maurocastrum
822 2263 1001 2339 profecturi.
1044 2261 1104 2322 Sed
1115 2267 1180 2322 iam

91 2349 219 2428 paratis
240 2345 327 2404 rebus
345 2345 500 2422 omnibus,
523 2365 591 2402 curn
610 2343 691 2401 nibil
711 2341 801 2418 aliud
820 2344 963 2421 obstaret,
992 2343 1063 2425 ipsa
1080 2345 1182 2406 media

97 2442 183 2491 nocte
207 2428 400 2510 (quanquam
419 2431 573 2490 maturius
590 2431 764 2507 profectum
781 2429 966 2509 oportebat),
986 2431 1088 2509 flante
1108 2442 1182 2492 tunc

1 2561 2 2568 ,
96 2518 239 2596 aquilone
250 2517 450 2595 gravissimo,
471 2514 566 2572 bieme
578 2516 713 2572 omniurn
724 2515 900 2574 saevissima
913 2535 944 2572 se
953 2517 1183 2595 praecipitante,

98 2613 134 2660 ut
143 2601 245 2678 facile
261 2598 407 2676 crederes,
430 2602 577 2678 impervia
592 2620 652 2656 esse
670 2591 807 2674 itiner'a,
818 2619 870 2658 nec
890 2597 1041 2659 obdurare
1055 2601 1112 2659 sub
1128 2600 1184 2659 dio

98 2688 216 2760 ullum,
232 2705 384 2764 propeque
388 2684 463 2762 fieri
473 2705 534 2744 non
550 2704 656 2762 posse,
678 2694 714 2740 ut
727 2685 782 2762 qui
795 2693 869 2743 tecto
882 2703 942 2742 non
952 2695 1122 2744 sanaretur
1135 2689 1186 2744 in-'

98 2773 221 2828 teritum
238 2771 396 2850 effugeret,
418 2781 506 2846 tunc,
529 2771 671 2846 inquam,
686 2765 855 2848 formidine
870 2771 1009 2828 commoti
1023 2769 1183 2828 subsistere

98 2853 211 2914 ibidem
224 2874 335 2932 nosque
349 2857 496 2912 continere
516 2856 689 2914 statuimus.
735 2851 832 2912 Cuius
846 2854 965 2912 consilii
980 2865 1087 2912 auctor
1096 2852 1185 2934 opud

98 2939 218 3000 sodales
235 2956 287 3018 ego
304 2940 421 2996 exstitit
442 2961 502 2997 non
518 2960 578 2996 esse
596 2934 761 2995 ullomodo
779 2933 918 2995 domibus
930 2937 1106 3014 exeundum,
1128 2961 1182 2996 ne-

98 3023 173 3083 dum
189 3021 410 3082 abnoctandum
425 3021 513 3080 inde:
536 3021 627 3102 quod¹
631 3025 773 3101 princeps
785 3019 872 3080 sidus
892 3019 1075 3100 (Saturnum
1090 3040 1183 3080 voca-

98 3107 184 3189 mus)
207 3111 269 3166 iam
285 3105 329 3164 ad
347 3129 499 3185 coeperam
520 3111 553 3165 in
576 3117 762 3185 conspectum
777 3127 808 3164 se
829 3103 925 3163 dabat
931 3150 940 3183 ,
962 3109 1054 3185 inque
1068 3108 1183 3164 simili-

99 3191 236 3252 tudinem
256 3203 386 3251 naturae
407 3191 707 3266 elusimmutabatur
725 3197 785 3250 abr.
832 3189 993 3249 Transibat
1012 3193 1089 3248 enim
1111 3201 1183 3255 tunc

99 3280 253 3337 Saturnus
268 3280 350 3334 circa
371 3278 464 3334 initia
484 3279 627 3355 aquarii,
648 3276 709 3332 sole
728 3274 881 3332 brumalia
896 3275 987 3352 signa
1003 3287 1183 3354 permeante.

1 3383 2 3396 ¹
55 3405 58 3412 »
104 3363 204 3440 Quare
217 3373 389 3441 tempestas,
412 3361 466 3418 ubi
479 3361 568 3418 semel
580 3369 762 3437 occoeperat,
784 3357 829 3415 ad
838 3361 981 3416 maiorem
992 3381 1104 3438 semper
1113 3382 1185 3418 soe-

1 3447 2 3518 ξ
101 3449 210 3528 citiam
217 3467 379 3526 progressa
391 3455 454 3526 est,
476 3457 510 3504 ut
526 3467 602 3525 quae
611 3447 704 3524 prius
723 3444 854 3521 terrifica
872 3443 958 3502 nobis
967 3445 1180 3522 visafuerant,

102 3551 172 3588 cum
193 3531 437 3609 subsequentibus
452 3531 565 3588 collata
590 3527 682 3587 ludus
695 3548 824 3607 prorsus
839 3525 1029 3589 viderentur:
1050 3529 1142 3586 taml
1164 3563 1182 3574 -

79 3641 81 3648 ’
102 3615 235 3673 culenter
247 3637 277 3670 se
288 3615 380 3672 bieme
396 3635 633 3695 quoquoversum
647 3610 821 3694 diffuderat.
863 3610 911 3672 lbi
925 3611 1027 3672 diebus
1043 3613 1142 3692 compl
1162 3647 1181 3660 -

101 3699 188 3777 ribus
202 3699 351 3775 confectio,
371 3704 422 3758 rio
434 3699 610 3778 tandemque
623 3690 768 3778 cbgitatio
781 3700 890 3778 aliqua
902 3693 1026 3756 domum
1037 3695 1182 3756 redeundi

1 3817 2 3826 .
101 3783 196 3843 subiit
204 3786 350 3856 animum,
365 3791 432 3841 atre
443 3807 556 3864 quoque
567 3787 709 3842 sereniore
722 3804 753 3839 se
764 3793 1006 3863 repraesentante.
1028 3777 1103 3862 (ΙΙΙ.)
1119 3782 1183 3841 Ita-

102 3889 160 3950 que
175 3870 286 3947 egressi
301 3889 426 3944 surnus,
448 3869 486 3926 ab
503 3871 610 3928 incolis
624 3864 777 3948 splendide
794 3871 921 3946 stipati:
944 3889 1044 3926 omnes
1057 3887 1103 3924 me
1114 3886 1183 3925 ma·

101 3953 193 4013 nibus
207 3951 365 4030 complosis
378 3952 545 4031 approbant
552 3999 560 4030 ,
582 3975 628 4011 rne
639 3963 786 4032 tunquam
799 3954 1001 4010 necessarium
1012 3953 1184 4031 unusquis-

1 4025 2 4041 *
103 4060 160 4117 que
172 4059 263 4095 suum
276 4039 407 4116 respicit,
428 4037 504 4094 milei
516 4039 650 4096 maxima
658 4048 810 4118 precatur.
845 4037 915 4096 Hoc
927 4035 1091 4095 diestadia
1102 4054 1183 4112 Lxx,

102 4124 259 4202 nequeilla
268 4125 395 4200 integra,
411 4125 518 4178 emensi
524 4121 635 4198 sumus,
650 4121 741 4200 idque
744 4126 933 4202 praegressis
947 4133 1015 4180 ante
1025 4141 1082 4179 nos
1096 4119 1180 4195 aliis,

104 4211 159 4286 qui
181 4209 343 4263 maximam
362 4209 424 4264 vim
441 4208 604 4264 nivisium
622 4205 819 4269 dimoverant.
861 4204 1013 4268 Postridie
1035 4207 1100 4262 eius
1120 4200 1183 4260 diei

103 4293 208 4350 statim
222 4313 243 4349 a
252 4293 406 4371 principio
421 4290 477 4370 dis
494 4291 604 4350 oillime
616 4289 901 4373 progrediebamur,
923 4302 1071 4369 tanquam
1085 4291 1118 4346 in
1126 4310 1182 4368 pe-
