2788 4616
348 323 391 392 IN
411 321 566 392 LEONIS
583 321 764 395 DIACONI
783 323 858 392 ΗΒ.
879 327 919 394 Π.
1104 321 1176 398 421

74 497 205 560 .quoque
216 477 474 560 Expugnationem
493 483 597 544 Cretae
613 461 772 546 Theodoiii
783 484 907 546 Diaconi
924 507 942 546 a
956 485 1097 568 Pogginio
1110 491 1175 552 edi-

86 573 148 627 tam
162 564 299 644 Append.
316 565 404 644 Corp.
418 566 499 627 Hiat.
513 567 585 648 Byz.
599 569 790 636 ddi-⁴390.

171 647 251 711 ibid·
272 649 325 713 lin.
351 654 399 717 18.
420 656 518 738 χρυσῷ
536 653 589 717 eal
610 654 722 735 λίθοις]
746 654 936 716 Combefieiue
949 655 999 718 Ill.
1017 660 1089 727 875.
1104 669 1174 742 poet

74 736 189 819 ¹zo'uuoi
213 733 344 795 addidit:
368 745 396 792 et
419 741 606 818 margaritir.
1196 781 1199 788 ι

170 821 248 899 Pag·
263 825 314 884 29.
336 819 391 878 lin·
405 824 435 886 3.
459 816 695 904 Θριαμβεύσαντι
705 819 739 885 δὲ
751 826 793 908 τῷ
808 821 985 910 Νικηφύρρι]
1001 827 1089 887 Gesta
1101 839 1172 888 eunt

75 903 163 983 ‚qnae
186 912 354 982 sequuntur
373 925 399 966 a.
414 909 493 972 9622
513 909 584 967 vide
599 908 719 986 Pagium
737 909 840 971 Critic.
856 911 894 968 ad
907 911 1015 970 Baron.
1027 912 1076 972 IV.
1091 917 1122 978 3.
1137 915 1171 976 C.

82 987 196 1048 Eadem
219 996 394 1066 tempestate
415 991 580 1050 Romanum
603 993 768 1052 Saronitam
792 994 964 1073 Magistrum
986 997 1101 1055 saeculo
1121 1017 1172 1058 re-

83 1073 243 1132 nunciasse
261 1071 411 1132 Cedrenue
430 1084 535 1135 auctor
556 1085 600 1136 eet
616 1076 692 1138 Hiet.
714 1077 753 1136 ll.
772 1079 843 1144 644.
859 1081 892 1144 Β,
927 1080 985 1138 Ubi
1005 1100 1042 1140 ex
1059 1081 1171 1161 optimo

86 1155 313 1237 Cod.Soylitaao
328 1157 391 1234 lege
408 1156 450 1233 oie
463 1154 610 1239 ἐβούλετο,
621 1181 683 1220 non
694 1161 735 1234 alr
744 1159 925 1242 ἐβουλεύετο,
945 1173 981 1233 1st
995 1165 1075 1224 estin
1089 1186 1169 1227 cauo.

83 1241 178 1301 Paulo
199 1251 280 1322 poet,
303 1241 335 1301 C.
347 1241 399 1303 lin.
414 1248 444 1308 6.
459 1244 496 1303 de
511 1243 680 1320 Philoreeo,
702 1247 752 1324 qui
766 1267 821 1325 per
836 1248 949 1308 circum
966 1268 1051 1327 equee
1068 1271 1172 1310 curre-

84 1327 137 1386 bat
157 1324 207 1389 ἐτιλ
219 1329 276 1407 τῆς
287 1325 459 1406 ἐφεστρέὃος
470 1322 625 1409 ἱστάμενος
636 1325 744 1409 ὄρθιος
749 1377 759 1406 ,
778 1332 856 1392 male
868 1332 1036 1412 Xylander‚
1059 1337 1171 1394 iniecta

82 1421 215 1470 verte-
229 1415 256 1469 ω’
269 1411 427 1470 insistebat
439 1423 553 1472 recreer:
574 1413 701 1494 indeque
716 1415 757 1472 Le
767 1415 861 1492 Boou,
882 1414 971 1474 homo
986 1437 1047 1476 non
1060 1420 1168 1491 insane,

83 1515 180 1574 neque
200 1496 358 1574 indoctus,
383 1497 435 1556 eed
453 1497 506 1577 qui
525 1498 620 1557 multo
640 1498 732 1578 magia
754 1518 792 1558 ex
812 1499 995 1559 versionibus
1019 1522 1106 1580 quam
1131 1523 1170 1562 ex

81 1580 155 1660 ipaie
176 1581 347 1641 auctoribus
363 1580 518 1642 historiam
541 1581 703 1660 conflabat,
724 1585 809 1644 Hier.
828 1582 871 1642 du
882 1587 1071 1665 Boe-Emp.
1086 1586 1167 1650 XVI.

82 1667 134 1731 81.
153 1665 187 1730 B.
209 1687 282 1724 eane
299 1667 369 1724 aelle
387 1670 421 1725 ni
436 1667 546 1726 Ιιοιιεοε
565 1689 622 1747 que
636 1689 689 1726 eon
701 1667 803 1746 babit,
826 1667 900 1728 dont
916 1670 943 1726 il
953 1673 1037 1731 ανοίτ
1050 1681 1169 1729 convert

81 1749 111 1808 le
124 1750 241 1810 chabol.
281 1751 345 1811 Imo
360 1771 432 1811 vero
438 1796 449 1828 ‚
471 1775 502 1810 ee
518 1763 621 1812 tenant
634 1751 742 1811 debona
756 1775 810 1812 eur
826 1754 859 1812 la
872 1755 956 1832 aelle,
977 1765 1012 1815 ut
1026 1765 1107 1815 recte
1116 1754 1168 1817 in·

80 1835 230 1895 tellexieae
240 1834 359 1895 videtur
368 1837 582 1897 Levenklaviue
594 1837 632 1896 ad
640 1837 765 1918 Glycam
773 1838 844 1904 304.
857 1839 889 1899 G.
901 1839 1017 1898 Etenim
1029 1838 1164 1922 ἐφεστρλς
1178 1850 1211 1906 P.
1226 1851 1279 1910 202

80 1919 163 1999 apud
178 1921 336 2000 scriptores
359 1920 449 1981 medii
472 1923 537 1982 aevi
557 1931 601 1980 eet
614 1934 745 1980 atrorum
761 1933 904 2001 equertre,
926 1925 1021 1981 aella:
1042 1925 1169 2004 ideoque

78 2004 155 2066 bene
167 2007 188 2068 l.
197 2006 246 2064 uit.
258 2004 400 2066 acholiola
416 2005 454 2066 ad
468 2027 550 2066 oram
566 2006 638 2066 Cod.
660 2007 834 2086 Scylitzieni
850 2027 937 2086 quem
950 2009 1033 2069 dixi:
1049 2007 1099 2072 ἐπὶ
1113 2013 1167 2090 τῆς

6 2081 8 2088 ⁴
80 2088 193 2163 σέλλας.
233 2090 334 2169 Neque
357 2091 464 2150 melino
477 2091 633 2170 Xylander
645 2091 719 2152 haec
733 2091 857 2152 Gedreni
877 2097 948 2158 671.
963 2093 997 2152 Δ.
1011 2088 1112 2172 τήνέν
1127 2097 1167 2178 τῇ

80 2173 234 2255 ἐφεστρέὄι
245 2175 462 2256 παρωρημένην
474 2175 504 2255 [l.
515 2174 767 2262 παρῃωρημένην]
782 2170 930 2258 κορύνην,
943 2177 1063 2236 clavam
1071 2199 1166 2255 quana

77 2257 141 2315 -eub
154 2256 370 2336 paludamento
385 2259 562 2339 pendentem
571 2261 710 2338 ferebat:
732 2260 829 2318 scribe
850 2261 969 2319 olavam
991 2259 1036 2319 od
1058 2262 1165 2318 cellam

79 2363 268 2422 euapeneom,
291 2345 370 2423 quod
382 2347 431 2405 vel
443 2346 508 2425 ipee
523 2346 678 2426 Xylender
690 2343 773 2424 quasi
788 2364 844 2424 per
860 2344 1010 2422 caliginem
1028 2345 1165 2424 auspica-

78 2435 129 2486 tur
140 2437 198 2500 eet,
219 2428 251 2486 in
273 2429 510 2492 annotationibus
524 2431 573 2497 25.
588 2432 623 2490 D.
655 2431 756 2508 Aeque
768 2429 844 2488 male
856 2427 1027 2507 Hieronym.
1043 2429 1165 2488 Wolfiua
1196 2473 1202 2487 .

76 2511 111 2570 in
130 2513 232 2571 Niceta
255 2513 584 2588 onninamente
604 2514 771 2594 ἐφεστρέσιν
786 2547 822 2558 -
841 2509 1053 2594 ἐποχούμενοι,
1076 2534 1163 2592 anper
1243 2543 1264 2552 ν

72 2597 188 2677 pallito
213 2601 398 2676 equitantes:
418 2599 659 2676 inseriuetamen,
675 2604 746 2664 297.
761 2599 792 2660 G.
815 2595 939 2676 ύσελτιερ
953 2602 993 2696 τῇ
1014 2597 1164 2678 ἐφεστρέδι

78 2677 316 2762 ἐμπεπερύνητο,
328 2693 419 2760 recte,
433 2684 643 2763 quaaifibnla'a
657 2684 748 2740 cellae
761 2683 884 2761 affixae.
908 2682 1050 2742 Simrliter
1062 2681 1094 2740 in
1107 2683 1163 2742 Mi-

81 2765 183 2826 cha'ele
201 2768 279 2826 Daca
290 2767 366 2826 Hiet.
380 2769 536 2847 Byzantio.
550 2774 599 2834 96.
614 2770 650 2827 l).
665 2767 785 2839 innovor
799 2767 831 2829 ἐν
844 2770 884 2852 τῇ
897 2767 1044 2850 ἐφεσιρέδι
1059 2765 1162 2846 φέρων

76 2850 130 2914 ml
145 2857 257 2933 μοῖραν,
270 2853 394 2932 φορτίον
412 2852 553 2934 ἔμμετρον
563 2854 695 2935 χρυσίου,
716 2851 880 2910 Rullialdue
891 2853 975 2926 male,
995 2851 1114 2929 firebot
1129 2853 1162 2910 in

75 2948 156 2996 veste
167 2940 380 3016 anomoioque,
403 2957 471 2997 oum
484 2942 518 2996 a'n
530 2939 606 2996 aella
618 2937 797 2998 vertendum
810 2936 849 2994 ait
865 2933 910 3014 (ἐν
923 2943 988 3008 τοῖς
1002 2939 1162 3016 σαγμοοελ-

75 3023 153 3094 λίοις
165 3020 324 3100 Nicephor.
341 3022 502 3088 Tact.146.
513 3020 574 3102 B.):
588 3042 683 3100 neque
695 3020 800 3080 meliue
808 3019 959 3078 Balforeue
968 3020 1001 3094 in
1011 3018 1159 3077 Theodor.

77 3103 214 3165 Rhaitbu
228 3107 270 3164 De
286 3107 430 3166 incarnat.
452 3107 563 3166 Christi
579 3107 628 3172 45.
640 3107 674 3167 B.
692 3115 722 3164 et
740 3103 854 3163 Tollius
874 3104 911 3162 ad
932 3104 1064 3162 Cinnam.
1084 3101 1160 3160 Hiat.

77 3191 148 3256 105.
161 3191 195 3252 B.
209 3189 413 3270 Antiquiorem
425 3189 666 3268 significationem
682 3197 779 3248 servat
787 3207 848 3246 vox
856 3187 936 3266 apud
948 3185 1158 3264 Agathiam93.

76 3273 112 3334 l).
132 3274 166 3338 ἐτι
184 3277 248 3337 τοῖν
260 3271 357 3350 ξύλων
370 3275 465 3340 τεκαὶ
478 3275 658 3356 torrentior
673 3271 905 3351 ἐσκευασμένους
918 3270 1084 3348 elotanae,
1104 3269 1186 3338 ubiB

78 3357 179 3418 ιωὶωωε
194 3361 344 3420 commode
365 3361 496 3421 vertitur
516 3382 531 3417 e
539 3359 692 3440 pellibus:
712 3356 808 3416 ecribe
826 3357 950 3435 cangio.

161 3441 241 3505 lbid.
262 3447 317 3504 lin.
340 3450 388 3511 13.
408 3447 589 3525 Magnopere
606 3443 694 3519 enim]
717 3442 798 3500 Haeo
812 3450 842 3500 et
855 3438 1004 3520 sequentia
1015 3457 1108 3518 usquc
1121 3435 1161 3496 ad

6 3565 7 3570 κ
74 3525 167 3587 finem
181 3528 252 3588 libri
270 3524 408 3612 (praeter
421 3541 521 3590 tamen
536 3539 625 3606 caput
640 3529 687 3602 X,
709 3525 789 3606 quod
803 3545 897 3606 paene
908 3534 1006 3584 totum
1020 3525 1084 3604 ipae
1094 3531 1160 3581 tra·

76 3611 172 3686 duxi)
187 3634 204 3670 a
220 3615 394 3674 combefisio
407 3635 493 3677 versa
508 3614 586 3694 apud
603 3613 722 3690 Pagium
737 3611 786 3672 lv.
806 3615 910 3676 8-6.
929 3619 998 3669 aunt
1010 3615 1136 3668 servata.

70 3727 73 3734 =
153 3696 231 3758 uid.
251 3701 305 3760 tio.
330 3699 379 3764 14.
401 3697 475 3780 πρὸς
487 3695 582 3780 ἄνδρα
596 3690 774 3778 καρτερικὸν]
795 3691 1077 3776 Καρτεριιιύςωσωο,
1093 3690 1160 3787 opi:

75 3800 150 3852 nor.
172 3783 247 3844 vitio
267 3781 342 3842 mihi
365 3784 446 3844 dabit
465 3784 547 3864 quod
560 3782 639 3842 verti
646 3783 753 3857 fortia.
795 3779 923 3838 Deuotat
935 3779 1012 3838 enim
1025 3795 1092 3837 eum
1106 3793 1160 3854 qm

76 3866 151 3926 sorti
180 3877 224 3926 eu
251 3868 360 3929 animo.
410 3869 500 3941 Quod
531 3867 692 3948 dupliciter
719 3863 939 3924 manifestatur:
967 3861 1064 3942 primo
1090 3877 1160 3918 cum

75 3971 140 4011 non
161 3971 318 4012 movemur
337 3953 556 4033 voluptatibus,
577 3951 683 4012 deiude
708 3949 848 4009 dolorum
872 3948 1064 4025 laborumque
1084 3962 1161 4002 con·

77 4043 182 4097 temtu.
224 4037 312 4097 Unde
339 4037 493 4096 ssuxmunt
518 4037 592 4096 duae
626 4034 852 4112 significationes
882 4030 1018 4092 vocabuli
1041 4025 1161 4087 affineee

72 4120 163 4199 -prior
187 4125 360 4198 continuae,
382 4122 444 4182 aive
461 4121 561 4200 potius
581 4121 745 4194 abstinens,
767 4127 801 4176 ut
822 4126 902 4176 recto
916 4115 983 4174 linit
997 4116 1024 4172 S.
1038 4109 1163 4171 Basilina

77 4204 192 4266 Homil.
213 4207 248 4266 in
266 4209 320 4267 XL
337 4215 438 4268 martt.
456 4207 479 4265 l.
498 4207 568 4272 532.
583 4207 618 4266 B.
636 4199 673 4266 ού
689 4201 744 4285 yolo
760 4200 775 4264 ἐ
789 4196 910 4282 inentia
923 4204 983 4260 τοὸν
995 4191 1164 4276 ἀναγκαίων

6 4371 7 4380 ¹
78 4288 269 4376 καρτερικὸς,
289 4287 358 4356 ἄλλ’
378 4291 395 4358 ἐ
414 4291 446 4357 ἐν
466 4286 604 4377 doberto
624 4284 815 4361 ἀπολαύσεως
835 4284 1088 4368 ἐγκαρτερολντοῖς
1102 4279 1165 4342 δει-
