2786 4620
261 297 337 374 ssa
461 303 694 376 mamers
711 241 776 372 nx
793 301 965 374 auron
991 301 1175 373 masan

346 469 434 533 Anno
455 467 585 531 eneam
605 465 684 542 364,
706 467 889 528 Graecorum
913 467 1012 544 1286,
1032 463 1234 526 Remorum
1250 465 1361 549 inps-

261 581 345 637 rator
364 573 455 648 lran,
476 571 556 631 idem
572 571 624 631 ille
637 567 942 650 Sebunsussbcbigns,
964 567 1081 649 Syriam
1100 566 1266 646 ingressus,
1286 568 1359 629 lla·

261 673 381 736 madum
402 683 431 734 et
446 674 605 734 Balbecum
620 671 702 752 cepit
717 681 852 758 ethnum
867 672 1040 731 Damascum
1056 669 1246 750 proiecturus
1267 680 1357 748 esset,

259 773 497 851 Bar-Zaccath,
519 773 628 833 nobilis
646 773 739 833 Arabs
753 776 863 853 Syrus,
885 772 1055 854 scriptaad
1080 771 1214 832 Damasci
1236 773 1358 852 passos.

262 885 355 952 dum,
377 875 570 954 Phatgannns,
589 875 730 956 epistola,
752 875 909 936 consilium
925 875 953 933 ai
965 873 1057 950 dedit,
1078 891 1130 949 na,
1151 893 1241 952 quum
1254 867 1368 934 imber

261 977 363 1040 cillior
376 987 466 1049 esset,
486 979 687 1037 Romanorum
700 977 764 1056 regi
777 977 942 1038 obsisteret.
984 977 1199 1057 obtemperans
1212 975 1263 1034 ills
1275 973 1357 1034 lanio

261 1081 387 1138 consilio
398 1079 570 1160 imperatori
584 1077 858 1156 Sebnmuschchigo
879 1077 1077 1138 obedientiam
1089 1086 1120 1137 et
1139 1081 1277 1152 300,οω
1294 1095 1355 1136 su·-

261 1193 362 1240 asrum
379 1181 526 1242 tributum
543 1182 698 1262 promisit,
720 1196 780 1259 quo
795 1180 955 1261 imperator
968 1177 1261 1259 Sebunauscbcbigus
1276 1197 1355 1238 cun-

260 1292 362 1343 tsutus
387 1283 455 1344 fuit.
504 1284 583 1344 Huic
608 1285 749 1342 Damasco
772 1283 1021 1363 appropinquanti
1040 1281 1207 1361 Phatganua
1231 1281 1354 1342 obviam

261 1387 360 1446 factus
377 1405 454 1465 equo
476 1385 628 1446 descendit
647 1395 676 1444 st
689 1394 799 1446 terram
813 1385 969 1464 aliquoties
983 1385 1131 1444 osculatus
1147 1390 1200 1460 est.
1241 1383 1353 1442 laetas

171 1505 174 1512 '
244 1467 319 1548 'bae
341 1509 374 1548 re
387 1481 548 1569 imperator
568 1504 676 1567 equum
695 1484 894 1546 conscendere
906 1507 973 1548 eum
991 1487 1082 1547 iussit
1094 1484 1352 1564 multumqualso-

261 1590 390 1650 roravit.
433 1590 532 1648 iussus
555 1590 676 1665 deinde,
697 1569 737 1646 ut'
751 1607 851 1648 corum
872 1609 906 1648 eo
921 1589 1091 1650 decurreret
1107 1597 1137 1647 et
1148 1587 1271 1648 militiae
1285 1605 1352 1667 spa·

262 1691 359 1754 cimen
374 1690 488 1764 ederet,
510 1709 602 1770 quum
615 1689 809 1767 decessisset,
829 1691 1017 1772 imperatorie
1030 1691 1119 1752 laude
1132 1699 1230 1749 motus
1239 1689 1351 1749 iterum

262 1811 339 1872 equo
353 1791 506 1851 descendit
516 1801 682 1872 terramque
690 1792 841 1852 cauillatus
853 1801 906 1852 eat.
947 1793 1133 1874 imperatoris
1144 1791 1226 1852 iussu
1239 1798 1349 1872 equum

262 1893 439 1952 conscendit
461 1901 492 1950 et
513 1913 604 1972 quum
626 1894 676 1952 illo
699 1893 787 1953 unim
807 1902 925 1954 tantum
949 1895 1020 1955 anni
1039 1895 1184 1956 tributum
1210 1895 1348 1974 exigeret,

262 1994 362 2054 denuo
385 1994 552 2072 descendit,
581 2004 691 2055 terram
710 1995 908 2060 depilaturae.
949 1996 1124 2078 Imperatori
1140 2015 1266 2076 equum,
1287 2016 1347 2077 quo

172 2089 174 2106 '
259 2110 365 2161 rectus
390 2099 575 2172 decurreret,
596 2097 726 2175 gladium
748 2106 778 2156 et
793 2096 908 2158 hastam
929 2099 1091 2179 postulanti
1112 2119 1174 2159 uon
1193 2099 1266 2160 haec
1278 2109 1347 2158 tan·

259 2211 342 2280 tum,
366 2201 420 2261 sed
432 2201 606 2260 vestimenta
619 2219 733 2279 quoque
740 2244 749 2277 ,
776 2210 908 2262 aromata
922 2211 952 2260 et
966 2201 1066 2261 decent
1080 2221 1172 2281 equos
1185 2181 1257 2262 cuna
1268 2200 1347 2260 mul-

259 2305 299 2364 tis
321 2303 415 2364 hastis
439 2302 563 2378 obtulit,
586 2301 638 2360 sed
656 2301 819 2383 imperator
835 2304 926 2364 istum
947 2314 1063 2364 tantum
1084 2323 1194 2384 equum
1214 2312 1246 2362 et
1263 2303 1347 2363 istam

259 2415 378 2466 tantum
391 2406 505 2464 hastam
521 2401 654 2482 accepit,
673 2404 796 2483 reliquis
810 2404 950 2482 redditis,
971 2405 1176 2466 benevolentia
1195 2406 1258 2466 eius
1272 2425 1348 2466 con-

258 2518 374 2580 tentus3
395 2508 456 2566 imo
477 2505 610 2564 amicivit
623 2504 807 2585 Phatganinn
828 2507 989 2588 splendidis
1005 2508 1135 2569 restibus
1149 2515 1181 2567 et
1196 2515 1347 2588 praeterea

260 2609 400 2692 operibus
419 2628 490 2668 auro
508 2607 693 2686 fabrefactis,
712 2611 843 2670 vestibus
864 2619 985 2688 argente
1002 2608 1089 2668 tectis
1105 2617 1137 2668 et
1150 2610 1235 2670 mulis
1254 2609 1348 2669 dona.

260 2713 316 2772 vit.
357 2710 430 2770 lude
446 2709 585 2769 Sidonem
607 2711 759 2789 profectus
774 2723 835 2788 eat,
859 2713 944 2772 cuius
966 2709 1046 2770 cirea
1062 2709 1180 2772 obviam
1192 2699 1301 2790 egressi
1314 2729 1346 2774 ss

261 2813 453 2874 subiecerunt
473 2811 552 2872 dona
570 2811 743 2892 offerentes,
770 2824 952 2897 quapropter
966 2812 1002 2872 iis
1018 2811 1130 2872 relictis
1148 2813 1280 2892 Beryton
1292 2813 1345 2872 du-

260 2915 325 2991 xit,
346 2935 433 2996 quam
455 2913 627 2993 visperuit
642 2923 673 2973 et
692 2917 827 2998 diripuit.
871 2915 943 2976 inda
961 2913 1102 2975 Gabalum
1120 2913 1255 2974 renitet
1278 2915 1345 2994 quia

262 3017 325 3078 eius
343 3018 459 3078 incolae
479 3015 670 3104 resistebant,
690 3017 724 3079 vi
746 3020 833 3081 etiam
853 3015 1043 3098 expugnavit.
1083 3015 1205 3096 Direpta
1227 3017 1344 3076 es'l'sr-

262 3141 319 3180 son
335 3121 489 3200 proiectus
507 3129 568 3196 est,
590 3121 643 3180 ubi
657 3121 851 3202 imperatricis
869 3118 1077 3200 Theophanios
1092 3118 1184 3178 irater
1198 3135 1342 3178 menum

261 3222 288 3284 ei
309 3222 473 3302 potandum
491 3221 641 3300 praebuit,
664 3231 843 3304 quapropter
862 3223 895 3281 in
910 3240 1027 3302 gravem
1045 3221 1181 3282 morbum
1196 3219 1302 3280 incidit
1314 3230 1344 3282 ot

260 3321 295 3380 in
310 3322 416 3382 urbem
430 3322 540 3400 regiam
554 3343 693 3384 reversus
707 3335 843 3386 mortuus
855 3335 913 3403 est,
935 3333 1093 3406 postquam
1113 3331 1242 3402 quatuor
1253 3343 1343 3384 annos

258 3431 445 3499 regnaverat.
496 3423 554 3482 Hic
575 3423 608 3484 in
629 3425 741 3504 agendo
759 3436 909 3506 strenuus,
937 3445 1062 3508 corpore
1085 3425 1222 3503 validus,
1248 3427 1342 3486 auimo

260 3522 364 3599 fortis,
384 3522 464 3584 bello
477 3524 551 3582 felix
566 3534 637 3584 erat.
679 3528 785 3590 Statim
798 3551 816 3588 a
829 3530 913 3609 regni
930 3529 1015 3590 initio
1031 3547 1099 3606 erga
1112 3547 1214 3589 omnes
1226 3549 1343 3608 magns-

259 3623 377 3684 nimum
398 3643 429 3683 se
447 3625 599 3705 praebuit,
628 3630 817 3711 captivosque
838 3630 960 3692 dimisit.
1004 3630 1263 3711 Constantinopoli
1280 3649 1343 3690 ma·

259 3745 348 3805 gnam
367 3725 523 3788 ecclesiam
546 3727 731 3809 aedificavit,
763 3733 872 3794 multas
887 3731 996 3807 urbes,
1022 3731 1190 3811 multasque
1212 3733 1342 3812 regiones

261 3827 385 3907 subegit.
426 3828 578 3888 Mortuum
595 3830 747 3913 principes
771 3843 801 3894 st
813 3833 913 3915 plebes
937 3832 1045 3893 mirum
1060 3831 1094 3892 in
1116 3833 1239 3893 modum
1258 3833 1344 3893 luxe-

259 3937 342 3991 runt.
384 3929 455 3989 Post
473 3949 540 3989 eum
560 3929 747 4011 imperatoris
761 3935 886 3996 Romani
905 3933 978 4007 filii,
999 3934 1123 3994 Basilius
1147 3944 1178 3994 et
1200 3935 1343 3994 Constan-
1378 4011 1379 4014 Ἴ

257 4031 357 4109 tinus,
379 4051 435 4111 per
454 4034 495 4099 85
521 4051 614 4092 annos
626 4033 785 4115 imperium
808 4037 1001 4098 obtinuerunt
1015 4057 1086 4098 vero
1105 4053 1205 4095 amore
1224 4055 1255 4094 se
1267 4034 1342 4096 iuvi·
1377 4027 1379 4042 '

258 4149 323 4192 cem
340 4133 500 4212 complexi.
544 4135 688 4214 Basilius,
711 4136 781 4215 quia
794 4137 965 4200 bellicosior
980 4147 1058 4215 erat,
1080 4137 1273 4199 Constantino
1285 4137 1341 4198 irt-

256 4240 304 4293 tra
316 4232 351 4293 in
362 4232 436 4295 urbo
445 4233 525 4314 regis
535 4235 660 4315 relicto,
681 4238 825 4300 continno
841 4259 910 4310 oum
926 4225 1069 4302 trabibus
1083 4238 1160 4301 bella
1172 4239 1271 4318 gessit.
