2812 4630
360 323 404 394 m
424 319 666 392 armonem
683 321 918 392 acnoasrs.
1006 275 1009 282 ’
1113 309 1190 388 ser

180 489 231 552 21.
251 479 382 558 Σιὲπνις
401 481 553 560 domate]
576 431 679 561 Mem
697 491 742 541 est
757 483 879 564 proprie
895 491 1113 564 tegrunmtrnn,
1134 480 1190 542 sad

95 569 146 630 hic
158 589 214 650 pro
226 569 303 629 locis
316 568 441 628 occultis
456 578 486 629 st
496 566 650 647 imperviia
662 567 918 647 interpretandam
933 587 1047 643 censeo,
1070 587 1106 630 eo
1119 587 1190 626 mo·

96 656 151 730 do,
173 675 232 734 qno
255 649 431 733 σκεπεισμός
451 647 542 726 τόπος
563 653 665 712 eodem
686 672 776 712 seusu
796 663 933 714 notatum
956 652 1088 714 occurrit
1107 652 1189 732 apud

95 741 229 815 Suidam,
251 759 342 818 quare
357 748 386 798 et
402 737 582 796 adiectivum
596 738 777 816 subsequens
793 739 931 811 ἐπακτοῖς
944 738 1010 798 Ιοοι
1023 739 1187 814 obstructa,

94 834 147 884 aut
166 845 283 904 aspera,
313 843 382 900 seu,
408 831 444 880 ut
467 822 566 902 inquit
589 821 730 900 Virgilius
754 824 825 883 Aen.
851 845 879 888 r.
900 829 979 900 662,
1010 824 1076 882 loca
1101 833 1188 892 senta

93 914 159 968 situ
185 908 348 987 significat,
369 928 461 988 quum
485 928 503 967 ιι
526 906 617 968 verbo
642 901 752 991 ἐπάγω,
775 909 915 986 obstruo,
936 910 1027 988 sepio,
1049 909 1089 968 sit
1106 905 1189 969 deri·

91 1005 206 1057 vatum.

180 1103 230 1165 29.
253 1092 346 1176 Ἀντί]
369 1097 523 1158 Cornelius
546 1099 662 1160 Codicis
680 1099 770 1159 iidem
786 1121 848 1160 non
863 1107 1006 1180 sequutus
1019 1097 1114 1160 edidit
1133 1091 1192 1162 ord·
1209 1103 1265 1161 Col.
1282 1104 1316 1176 2,

93 1181 158 1262 τὸν,
180 1185 231 1243 sod
252 1183 294 1242 ita
311 1203 371 1242 esse
388 1184 596 1262 corrigendum
612 1186 736 1244 notarit.

179 1295 230 1357 30.
247 1289 367 1370 Πίνειν]
383 1290 431 1350 Sic
446 1291 558 1372 optime
567 1291 721 1350 Cornelius
735 1289 903 1350 emendavit
917 1311 972 1368 pro
985 1296 1093 1365 ποιεῖν,
1105 1291 1189 1371 quod

93 1375 146 1436 hio
159 1375 259 1436 locum
275 1375 381 1434 habere
394 1397 455 1434 non
470 1386 577 1457 potest.
619 1377 655 1435 In
669 1375 778 1435 Codice
791 1395 853 1434 non
867 1375 937 1434 satis
951 1375 1028 1436 clare
1040 1375 1113 1436 haec
1126 1395 1189 1436 vox

93 1460 211 1540 legitur,
232 1459 283 1520 sed
298 1461 397 1524 nivers
410 1461 556 1542 scriptum
572 1481 635 1521 esse
648 1461 779 1522 videtur.

177 1569 227 1634 33.
249 1565 283 1630 ‘0
296 1561 527 1648 Καραμούνοης]
544 1567 612 1628 Νοιι
627 1567 663 1626 ad
679 1567 846 1650 principem
864 1566 967 1628 Cretae
980 1565 1114 1628 Amaram
1128 1566 1190 1628 hoe

92 1673 203 1713 nomen
219 1653 306 1726 refer,
322 1673 409 1732 quem
426 1653 574 1733 Curupam
585 1654 674 1712 fuisse
692 1654 806 1713 dictum
821 1653 956 1732 superius
971 1652 1092 1713 heroas.
1108 1653 1145 1712 ll.
1157 1672 1188 1714 v.

93 1742 144 1804 82.
160 1737 300 1796 vidimus.
342 1739 404 1796 Neo
421 1747 449 1796 te
464 1748 589 1814 moveat,
604 1737 686 1797 hunc
703 1739 790 1798 etiam
807 1737 1001 1797 oTheodosio
1017 1736 1143 1798 inferius
1157 1757 1187 1799 v.

94 1825 165 1888 134.
187 1821 325 1882 Amatam
349 1825 537 1903 nuncupari:
559 1845 628 1883 nam
650 1826 750 1904 plures
773 1825 876 1882 Cretae
899 1825 1018 1884 dmeras
1040 1821 1130 1883 fuisse
1150 1841 1189 1881 ex

93 1907 227 1967 Cedreno
251 1927 317 1988 pag.
340 1909 412 1974 643.
437 1909 597 1984 discimus,
621 1909 673 1987 qui
692 1918 808 1990 praeter
824 1909 974 1988 Curupam
995 1907 1188 1982 aliurnetiam

90 2003 235 2052 memorat
248 1992 367 2052 notariae
380 1997 521 2050 Anemom
530 2036 538 2067 ,
563 2013 650 2071 quem
665 2013 832 2072 supremam
847 2003 915 2072 post
930 1994 1079 2072 Curupam
1097 2002 1189 2074 pote·

91 2088 196 2136 statem
217 2076 352 2135 habuisse
373 2076 483 2135 scribit.
528 2079 569 2134 De
588 2079 764 2138 Garamante
787 2086 886 2136 tamen
906 2079 989 2138 nulla
1005 2077 1047 2137 ibi
1059 2078 1188 2138 mentiot

91 2162 253 2221 nonenim
277 2159 328 2219 hic
346 2161 537 2220 Caramuntes
560 2182 627 2220 cum
651 2164 811 2222 Garamans
833 2183 851 2219 a
872 2162 1002 2222 Cedreno
1024 2161 1097 2224 ibid.
1121 2179 1188 2240 pag.

92 2247 164 2313 642.
185 2247 255 2304 item
271 2255 432 2305 memorato
452 2246 512 2303 ullo
531 2247 619 2306 modo
634 2257 678 2307 est
695 2245 938 2325 confundendus,
960 2265 1052 2326 quum
1063 2245 1090 2305 ia
1104 2243 1191 2306 Tarsi

92 2331 232 2391 dominus
249 2341 282 2390 et
301 2331 420 2390 Ameana
439 2331 536 2391 suerit.

128 2526 145 2600 ζ
175 2443 226 2506 37.
248 2435 495 2548 Προεντρέπιζιν]
518 2438 673 2500 Cornelius
693 2439 770 2500 male
790 2437 912 2498 omnino
932 2437 1009 2518 legit
1024 2431 1190 2521 προκοιρὲ-

92 2545 124 2587 m
146 2547 189 2592 ιν.

178 2634 230 2697 39.
244 2623 382 2710 Πάντας]
397 2631 444 2692 Ex
458 2629 567 2690 Codice
581 2630 625 2691 sic
638 2629 823 2710 corrigimus,
838 2650 930 2711 quum
941 2599 1050 2705 τούτοις
1062 2648 1124 2688 non
1136 2625 1189 2688 ba-

90 2735 130 2777 na
146 2717 227 2797 apud
247 2716 419 2775 Cornelium
435 2717 559 2795 legatur.
625 2732 628 2740 “

176 2823 225 2888 53.
245 2819 323 2904 Καί]
346 2823 499 2883 Cornelius
514 2823 631 2884 Codicis
650 2823 741 2884 fidem
758 2843 821 2886 non
840 2830 983 2904 sequutus
1004 2817 1105 2880 nescio
1128 2837 1187 2897 qna

90 2906 210 2968 ratione
228 2904 270 2981 οἷς
285 2908 421 2969 ediderit.

172 3015 223 3082 64.
246 3016 386 3096 Πατρῶν]
409 3017 564 3095 Perpetem
577 3012 714 3098 πατέρων
728 3015 840 3096 legitur
854 3014 889 3074 in
904 3012 1034 3074 editione
1046 3004 1185 3086 Cornelii,

88 3109 193 3160 contra
211 3098 327 3158 Codicis
345 3100 434 3160 fidem
456 3111 487 3162 et
501 3119 603 3162 versus
622 3121 798 3162 mensuram.

172 3206 224 3272 65.
243 3199 322 3284 bot]
350 3201 436 3264 Hanc
458 3226 520 3264 essa
541 3205 658 3266 Codicis
678 3207 838 3267 lectionem
859 3203 990 3266 videtur.
1033 3198 1188 3264 Cornelius

87 3291 159 3370 legit
173 3292 222 3368 ἐν,
244 3310 423 3369 versumque
441 3290 510 3349 ideo
526 3291 740 3352 claudicantem
756 3292 859 3351 edidit.

172 3402 222 3464 60·
243 3391 383 3479 Ἰσμαήλ]
407 3397 482 3457 Vide
503 3417 592 3476 supra
606 3397 644 3455 ad
659 3398 728 3459 Aer.
748 3399 786 3461 ΙΙ.
800 3417 830 3458 v.
846 3401 919 3465 261.

172 3503 222 3568 64.
246 3504 318 3584 Kal]
343 3503 451 3563 Omisit
472 3503 551 3562 hanc
569 3504 749 3585 particulam
771 3505 941 3576 Cornelius,
970 3523 1045 3584 quae
1067 3501 1189 3584 quidem

87 3587 133 3732 ipf
144 3585 251 3647 Codice
274 3589 346 3649 adeo
369 3600 414 3650 est
430 3589 574 3668 evanida,
598 3599 633 3650 ut
646 3592 695 3652 val
707 3590 863 3672 diligenter
874 3589 1082 3672 inspicientem
1098 3587 1186 3648 facile
1200 3597 1304 3724 &¹389

88 3692 105 3733 e
131 3692 148 3730 u
170 3673 220 3734 iat.
1251 3673 1293 3725 .1

150 3693 222 3823 g69.
247 3753 327 3832 Todg
349 3757 452 3841 ἔνδον]
485 3759 638 3820 Cretenses
660 3759 810 3840 intellige,
838 3758 891 3839 qui
915 3758 1070 3819 obsidione
1091 3757 1188 3818 fame-

88 3862 146 3924 que
162 3841 267 3900 afflicti
282 3842 314 3900 in
328 3842 401 3902 urbe
415 3854 498 3904 arant
513 3845 632 3921 inclusi,
645 3866 778 3925 quosque
794 3844 901 3904 Graeci
912 3845 1020 3904 milites
1033 3854 1100 3903 ante
1115 3863 1188 3924 por·

85 3935 133 3988 tas
149 3927 232 3987 urbis
247 3926 412 4004 adstantes,
433 3950 470 3988 ne
484 3933 707 4008 egrederentur,
730 3929 936 4011 prohibebant.
978 3928 1024 3988 Ita
1039 3947 1108 3989 sane
1120 3947 1188 3986 ma-

86 4012 130 4090 gis
144 4013 258 4092 placet,
281 4032 368 4091 quam
382 4013 419 4072 de
433 4013 554 4074 Graecis
571 4017 609 4076 ob
622 4017 715 4094 frigus
728 4017 850 4075 domum
864 4012 976 4074 reverti
990 4011 1187 4092 cogitantibus

84 4094 118 4154 id
133 4097 332 4178 interpretari,
349 4097 430 4178 quod
448 4117 481 4157 ea
496 4101 656 4180 explicatio
669 4102 827 4162 obscurum
842 4099 931 4160 nimia
944 4097 1104 4158 Theodosii
1117 4117 1185 4157 sen·

86 4199 154 4240 snm
171 4185 324 4260 redderet,
349 4202 383 4241 eo
406 4184 512 4263 magis,
535 4187 616 4264 quod
635 4181 1056 4267 Nicephorus'tumultuantes
1074 4183 1184 4244 milites

85 4285 149 4327 non
164 4267 214 4348 ri,
234 4269 287 4331 sed
301 4264 401 4332 verbis
423 4278 453 4331 et
472 4269 731 4333 adhortationibus
745 4271 916 4333 detinuerit.
