2802 4624
103 351 109 366 .
230 293 307 372 606
570 303 609 371 Cr
628 301 666 371 B.
687 299 803 372 Hesu
822 301 975 370 NOTAE

238 459 327 548 ἅγιαι
346 455 402 524 Ἀ.
430 459 621 524 confusionis
638 480 750 522 vocum
773 437 849 522 ιιαιδ
873 465 904 518 et
926 451 1008 522 scira
1027 456 1172 540 pauciora
1196 457 1336 538 exempla

237 547 360 611 invenio
372 549 453 630 apud
466 547 626 625 scriptores
644 547 774 607 Graecos
789 544 879 605 medii
896 545 979 620 aevi,
998 544 1131 605 velutin
1150 541 1336 625 Pschymerc

236 633 353 697 Hister.
376 633 400 695 Ι.
417 633 490 700 811.
510 632 544 692 Ε.
564 631 598 695 ἐν
612 635 656 694 soi
677 635 734 694 rosi
755 630 843 712 δγίοα
862 623 1027 704 Attentos
1050 630 1155 716 βοανρι·
1173 626 1256 692 κᾶτα
1273 651 1335 692 που

236 715 310 792 αδδς
334 713 484 800 septimine
507 696 716 801 σκηαουρῖἕνφ·
746 717 796 776 ubi
817 715 976 792 legendum
997 715 1137 790 videtur,
1162 709 1239 776 ιιατά
1261 736 1333 777 που.

237 803 335 868 Multo
356 804 440 884 plura
461 803 645 862 confusionis
665 821 775 862 vocum
796 796 869 862 acroi
888 809 918 859 et
937 795 1027 880 prad,
1050 799 1088 858 cb
1107 799 1249 878 siglcrum
1275 795 1330 890 gf)

239 909 270 960 et
288 885 357 982 Α
371 897 404 955 in
416 891 576 952 Codicibus
589 893 659 952 inde
675 894 823 952 assecula
839 891 1016 950 duodecimo
1033 910 1177 950 summam
1189 892 1336 954 similitu-

240 983 349 1044 dinem.
392 979 483 1040 Velut
493 979 526 1038 in
541 981 570 1038 S.
587 976 746 1059 Ephraimo
763 979 804 1037 Dc
816 977 992 1057 pcriection.
1005 975 1134 1036 hominis
1151 977 1203 1035 111.
1217 984 1289 1045 299.
1303 979 1335 1039 B.

237 1069 317 1128 inter
332 1085 487 1126 aerumnas
505 1065 584 1122 Noae
598 1085 665 1123 oum
680 1072 727 1122 tot
738 1062 911 1121 animalibus
923 1063 956 1120 in
970 1071 1124 1140 angustam
1137 1082 1237 1122 arcam
1253 1085 1335 1124 com-

238 1153 336 1236 pacti:
356 1152 402 1224 τὶς
415 1145 604 1222 diripereris
617 1145 689 1229 μετὰ
701 1144 754 1211 adv
767 1142 972 1226 κατακλυσμὸν
985 1148 1202 1229 ταλαιπωρίας·
1226 1149 1334 1226 scribe,

239 1233 315 1301 ιιατδ
330 1232 380 1300 cdv
395 1228 617 1314 κατακλυσμόν·
638 1233 829 1314 praesertim,
859 1232 884 1292 si
899 1232 1049 1311 sequentia
1064 1231 1222 1312 respicias:
1244 1233 1334 1294 Asse·

236 1342 342 1382 manus
356 1329 460 1386 tamen,
470 1319 562 1378 vertit
577 1315 678 1378 e'odem
699 1339 815 1392 errore,
838 1320 1061 1395 miserias-post
1078 1316 1242 1378 diluvium.
1286 1317 1335 1396 Si-

236 1407 310 1468 mile
323 1405 463 1466 mendum
474 1403 578 1464 haeret
590 1404 622 1461 in
634 1412 723 1462 textu
734 1403 955 1482 Pseudosynodi
971 1403 1229 1468 Palamiticaerict.
1243 1403 1333 1464 Cone.

238 1493 310 1553 edit.
331 1490 421 1552 Paris.
442 1489 493 1548 xl.
514 1489 586 1556 344.
608 1488 641 1548 A.
666 1493 849 1570 φανεροῦται
871 1485 921 1564 δὲ,
944 1480 981 1550 ου’
1003 1485 1150 1568 tardaris·
1167 1481 1329 1552 cistas-

238 1569 314 1640 ista
329 1571 400 1658 parci
415 1574 447 1654 [l.
462 1571 549 1652 κατὰ]
569 1569 623 1651 τήν
637 1569 744 1656 χάριν·
766 1593 839 1652 quae
860 1574 959 1632 eadem
974 1593 1066 1652 prava
1085 1572 1174 1633 lectio
1189 1574 1222 1632 in
1243 1575 1332 1634 Com-

213 1661 411 1722 libefisianam
425 1678 541 1737 quoque
553 1658 622 1716 edit.
631 1657 774 1716 manavit:
790 1659 886 1718 versio
903 1668 1001 1717 tamen
1011 1658 1278 1734 Latinarecte‚sed
1286 1681 1332 1718 se-

238 1745 373 1806 cundum
392 1745 538 1825 gratiam.
572 1743 644 1801 Item
661 1743 737 1822 apud
753 1744 943 1820 Gregcntium
964 1743 1165 1824 Tephrensem
1180 1745 1329 1823 Disputat.

239 1853 308 1892 eum
316 1828 453 1890 Herbano
468 1827 576 1888 ludaeo
591 1831 642 1892 37.
657 1829 687 1888 b.
697 1828 730 1887 Β.
744 1822 913 1908 edessanos
926 1832 1032 1908 στῆναι
1047 1825 1118 1909 perd
1130 1834 1187 1891 τοιῖ
1200 1824 1330 1910 cippariu-

239 1911 364 1992 σιιόαου,
380 1913 566 1972 manifestum
581 1921 627 1970 est
641 1913 797 1992 legendum
812 1933 874 1972 essa
890 1909 1101 1993 crisciacensi·
1117 1915 1216 1975 versio
1227 1917 1329 1974 Latina

237 1985 337 2076 recte,
358 2009 463 2057 contra
482 1999 741 2077 archiepiscopum
755 2002 788 2056 in
800 1997 1008 2078 disputatione
1019 2011 1108 2060 ctare.
1140 2000 1328 2060 Contrarium

238 2085 350 2145 accidit
366 2085 398 2143 in
414 2083 545 2142 Nectarii
560 2083 746 2142 Patriarchae
763 2084 965 2162 Responsione
981 2084 1018 2143 ad
1038 2084 1195 2144 Claudium
1214 2089 1283 2150 181.
1295 2087 1328 2148 A.

238 2175 300 2234 ιιοῦ
307 2165 462 2251 πρότερον,
470 2164 544 2230 κατὰ
554 2165 679 2250 [Ιρετδ]
690 2165 845 2248 Ἑβραϊκὸν
857 2166 940 2246 λαδν,
949 2165 981 2231 sd
992 2163 1183 2252 ευάγγελιιιδν
1191 2169 1329 2252 διέδραμε

237 2249 607 2419 assissinis
620 2251 1330 2419 {²131{tirunensissent

239 2426 407 2486 sententiar.
426 2445 459 2482 ac
475 2426 581 2487 elocut.
596 2429 645 2489 61.
664 2424 694 2483 C.
705 2426 762 2502 leg.
780 2420 855 2486 ὥστε
870 2420 944 2504 μεθ’
957 2424 1075 2506 ἑτέρων,
1091 2446 1153 2485 non
1167 2421 1242 2488 dicre
1254 2419 1330 2489 καθ’

238 2509 363 2592 ἕτὲρων·
386 2509 596 2589 Laurentiique
614 2509 776 2569 Normanni
793 2509 906 2588 versio,
930 2521 965 2568 ut
979 2531 1033 2590 per
1043 2511 1151 2590 plures
1163 2511 1246 2569 alias
1256 2513 1339 2572 asai-

238 2615 342 2655 veraus
365 2595 526 2651 sententiae
556 2593 690 2652 ambitam
711 2595 902 2667 absolvatur,
932 2595 976 2654 sic
998 2605 1042 2655 est
1061 2596 1265 2672 immutanda,
1294 2607 1328 2656 ut

237 2699 308 2738 cum
328 2679 735 2757 aliiaplenamsententiam
751 2680 884 2760 sterant.
925 2681 1037 2741 Pravae
1055 2681 1223 2741 conditionis
1240 2703 1329 2762 pree-

236 2763 395 2844 positionis
406 2759 481 2824 κατδ
494 2783 562 2822 cum
575 2783 651 2824 voce
664 2766 858 2845 subsequente
870 2765 985 2841 insigne
996 2767 1167 2846 exemplum
1179 2766 1213 2825 in
1229 2771 1327 2828 Occu-

237 2848 330 2908 menii
348 2849 495 2908 Enarratt.
511 2849 544 2906 in
559 2850 633 2908 Acta
657 2850 760 2930 Apost.
782 2851 812 2912 1.·
831 2850 900 2916 101.
925 2852 959 2910 D.
977 2849 1000 2932 ἡ
1017 2843 1074 2914 οὖν
1100 2853 1252 2930 διαφωνία
1273 2856 1328 2916 τοῦ

237 2928 383 3014 ὀνόματος
404 2932 538 2996 ἐνταῦθα
553 2929 634 3014 -s'i
655 2930 873 3014 κατασφαλμα,
896 2933 938 3010 cic
958 2932 1051 3016 sisic,
1073 2933 1225 3020 γραφικδν
1241 2935 1327 3020 yiyo·

209 3023 306 3099 Oves,
327 3013 349 3100 ἢ
360 3015 435 3082 aussi
447 3019 613 3100 διωνυμίαν
625 3019 756 3102 εἴρηκεν·
777 3021 827 3080 ubi
839 3039 926 3080 nemo
939 3043 1000 3081 non
1014 3021 1113 3098 videt,
1135 3022 1326 3083 scribendum

236 3125 298 3165 esse
321 3100 397 3167 nurci
417 3098 548 3185 σφάλμα.
592 3105 702 3165 Contra
720 3105 753 3164 in
775 3109 805 3165 S.
827 3105 977 3165 Athanasii
1001 3107 1085 3170 Orat.
1108 3117 1212 3166 contra
1234 3118 1324 3187 gealt.

234 3189 257 3253 1.
282 3195 331 3255 16.
355 3190 388 3249 D.
410 3191 486 3249 male
508 3210 610 3250 cusum
628 3199 685 3266 est,
715 3183 785 3253 κατ’
802 3185 950 3276 ditsiiovc
969 3189 1027 3274 γαρ
1051 3198 1115 3267 ταῖς
1136 3187 1252 3265 addicar
1271 3189 1325 3268 τδς

234 3268 356 3355 πράξεις
370 3269 447 3336 εἶναι
461 3270 533 3356 χρή·
554 3286 656 3354 estque
671 3296 709 3336 ex
728 3275 842 3336 duabus
858 3277 962 3357 primis
979 3298 1064 3337 roco.
1083 3299 1159 3356 una,
1181 3271 1325 3358 καταλλή-

233 3361 315 3432 λιιας,
331 3357 496 3422 conflanda.
518 3360 553 3418 id
566 3361 669 3420 addidi
681 3381 862 3422 summorum
877 3362 1011 3422 virorum
1026 3362 1175 3422 Schaeseri
1189 3373 1219 3423 et
1232 3363 1324 3424 Baetii

233 3442 314 3501 notis
330 3441 369 3500 ad
384 3444 469 3522 Greg.
490 3445 625 3506 Corinth.
649 3451 698 3513 69.
718 3448 750 3506 C.
771 3449 842 3515 285.
859 3447 892 3509 B.
914 3448 986 3514 342.
1008 3449 1040 3509 C.
1062 3447 1133 3514 405.
1149 3449 1181 3507 C·
1202 3453 1274 3515 638.
1293 3449 1324 3508 Βε

233 3527 306 3592 825.
325 3527 357 3586 B.
375 3527 427 3586 ubi
445 3525 520 3590 ιιαιιὶ
541 3531 588 3589 vel
609 3551 763 3610 perperam
785 3533 915 3612 scripta,
948 3533 997 3592 vel
1017 3532 1120 3611 inique
1143 3535 1269 3613 expulsa
1287 3553 1324 3593 ax

233 3611 366 3670 orations
382 3621 439 3671 est:
461 3612 579 3692 quodsi
592 3617 702 3676 referre
717 3617 807 3693 velis,
828 3620 942 3695 quoties
954 3617 1136 3696 significatus
1153 3619 1216 3677 cius
1235 3638 1325 3699 argu-

232 3695 322 3756 tiores
341 3717 450 3777 parum
471 3698 605 3778 percepti
622 3699 684 3759 sint
705 3719 722 3758 a
742 3701 815 3761 viris
834 3703 947 3778 doctis,
976 3722 1119 3780 secusque
1139 3703 1266 3780 redditi,
1294 3713 1325 3764 et

232 3781 328 3840 aliena
343 3801 377 3842 ea
388 3803 436 3842 res
453 3783 548 3843 videri
561 3785 657 3864 possit
670 3785 706 3846 ab
720 3785 858 3846 instituto
872 3797 991 3864 nostro,
1013 3797 1045 3848 et
1056 3788 1199 3848 latissima
1212 3798 1323 3870 patere,

232 3866 271 3925 ad
286 3867 490 3947 plurimosque
505 3869 663 3949 pertinere.

316 3949 393 4012 lbid·
420 3954 473 4014 lin.
494 3957 545 4020 21.
574 3953 699 4037 ἑσπέρας
721 3955 929 4036 ἐνισταμένης,
960 3957 993 4020 ἐν
1013 3949 1037 4044 ᾗ
1056 3952 1241 4038 μνήμην-
1263 3964 1324 4039 Δη-

230 4037 358 4118 μητρίου
381 4071 418 4083 -
442 4037 649 4122 παρέλαβινή
673 4037 833 4122 συνήθεια]
855 4042 922 4102 Hoc
943 4053 989 4103 est
1012 4064 1038 4104 a.
1054 4045 1083 4104 d.
1098 4063 1158 4105 vn.
1184 4043 1251 4103 Kal.
1265 4045 1323 4104 Nc.

229 4122 344 4183 vambr.
364 4131 400 4183 ut
419 4122 562 4184 docemur
583 4145 651 4186 cnm
665 4126 802 4200 aliunde,
824 4137 890 4187 tum
910 4149 948 4188 ex
969 4131 1139 4190 narratione
1160 4137 1277 4188 sertata
1292 4129 1323 4188 in

227 4208 322 4266 veteri
337 4207 408 4268 eod.
428 4209 504 4270 Bibt.
522 4209 591 4290 fleg.
610 4212 652 4272 De
671 4213 821 4272 miraculis
842 4215 871 4276 S.
888 4214 1045 4294 Demetrii,
1068 4214 1244 4275 auctoribus
1264 4233 1324 4274 ve-

227 4287 297 4366 ffi⁸s
318 4312 445 4372 quorum
459 4295 522 4375 ‚qui
542 4297 774 4375 recentissimus,
797 4299 949 4381 scripsisse
974 4300 1097 4364 videtur
1120 4319 1197 4360 saec.
1217 4319 1251 4363 x.
1275 4299 1323 4359 in-
