2786 4620
246 297 323 374 372
552 299 816 372 numerum
834 299 1032 372 LEGATIO
1057 379 1060 387 ⁴

245 475 332 546 rant,
358 464 530 546 navigantes
555 461 670 524 decimo
692 464 796 545 quinto
822 459 862 522 ad
883 460 1030 545 coriphus
1046 461 1251 545 pervenimus,
1278 460 1343 524 nbi

245 581 314 633 ante
331 570 417 632 navia
437 565 633 648 egressionem
656 565 788 627 occurrit
802 563 889 625 nobis
905 573 1046 644 strategos
1068 563 1190 644 quidam
1203 562 1342 626 michael

244 671 383 750 nomine,
405 667 597 730 Chersionitia
611 689 629 728 a
643 669 710 729 loco
728 666 844 732 scilicet
858 664 1026 727 Chersone:
1048 663 1138 726 homo
1157 665 1222 748 ipse
1239 682 1340 726 unna

242 769 581 854 capite,.laciebila1is,
602 769 862 846 sermonebonus,
882 767 947 830 risu
961 755 1248 849 semperiucnndue,
1270 767 1337 844 ssd,

243 884 281 935 ut
290 882 359 956 post
369 871 483 954 patuit,
508 882 607 933 mento
626 871 776 932 diabolus:
798 869 879 951 quod
894 880 925 930 et
938 871 1016 932 Deus
1031 869 1140 952 apertis
1155 865 1231 929 mibi
1240 887 1337 929 mon-

164 963 166 968 *
243 976 350 1037 stravit
367 973 505 1049 indiciis,
525 975 552 1034 ai
566 992 631 1035 mea
650 985 725 1035 tnnc
738 993 821 1032 mens
836 970 896 1031 boo
913 972 1057 1052 potuisaet
1069 971 1236 1056 coniipere5
1257 991 1335 1032 mox

242 1077 336 1154 enim,
357 1085 394 1136 nt
415 1095 537 1156 pacem,
563 1097 651 1156 quem
670 1073 760 1136 corde
780 1093 844 1134 non
864 1073 993 1150 ferebat,
1018 1071 1093 1132 mihi
1113 1073 1219 1133 osculo
1236 1073 1333 1152 dedit,

238 1185 305 1240 tote
325 1176 472 1259 coriphus
485 1197 592 1256 magna
605 1177 722 1238 scilicet
732 1175 833 1237 insula
858 1175 999 1235 tremuit:
1023 1193 1082 1234 nec
1105 1175 1203 1236 solum
1228 1177 1334 1254 semel,

214 1275 298 1339 Dsed
317 1287 364 1338 tor
379 1279 479 1340 eodem
500 1279 549 1339 die
567 1279 753 1359 pertremuit.
795 1279 924 1357 Postque
949 1276 1083 1337 biduum
1105 1287 1219 1355 autem,
1247 1279 1334 1340 deci-

132 1385 190 1444 ccl.
205 1387 225 1444 2
240 1401 290 1442 mo
305 1379 410 1460 quinto
423 1381 538 1441 scilicet
549 1381 674 1442 Kalend.
688 1379 871 1456 Decembris,
893 1379 965 1438 dum
978 1379 1012 1438 in
1022 1399 1124 1440 mensa
1138 1380 1256 1461 positus
1272 1401 1332 1462 pa·

240 1503 309 1545 nem
332 1481 531 1558 comederem,
553 1482 606 1563 qui
621 1481 782 1562 ampliabat
795 1499 885 1562 super
899 1500 947 1540 me
962 1480 1134 1540 calcaneum
1148 1501 1250 1559 snum,
1271 1501 1333 1542 ve·

240 1583 419 1648 renundatus
432 1584 477 1644 aol
491 1583 608 1644 focinus
622 1593 683 1643 tam
696 1581 851 1659 indignum
869 1581 947 1642 lucia
964 1603 1034 1643 snae
1047 1582 1147 1643 radica
1161 1582 1330 1662 abscondit,

240 1696 272 1751 ct
290 1684 415 1765 eclipsin
429 1679 473 1767 ⁴¹)
494 1705 597 1765 passus
624 1681 800 1744 michaelem
821 1682 909 1743 illum
927 1687 1036 1746 terruit
1054 1687 1107 1748 sed
1128 1705 1191 1746 non
1210 1685 1333 1746 immu-

239 1786 326 1848 tavit.
367 1785 470 1846 Dicam
487 1805 572 1864 ergo,
593 1784 665 1865 quid
686 1785 734 1846 illi
752 1804 838 1846 cansa
857 1786 1005 1848 amicitiae
1027 1788 1163 1866 fecerim,
1185 1787 1328 1868 quidnam

239 1886 276 1947 sb
294 1905 328 1947 eo
348 1906 405 1967 pro
417 1888 688 1968 recompensatione
709 1889 900 1972 perceperim.
942 1889 1019 1958 Dum
1035 1890 1329 1972 Constantinopolim

238 1987 445 2065 ascenderem,
473 1989 550 2051 illud
569 1999 700 2053 vestrum
723 1994 968 2075 pretiosissimum
992 2001 1110 2052 acutum
1132 1993 1208 2054 miro
1236 2011 1329 2074 opere

239 2091 413 2152 deauramm
433 2099 463 2150 et
491 2091 684 2171 fabricatum,
709 2097 790 2174 quod
808 2095 882 2155 mibi
903 2093 1022 2154 Domini
1047 2093 1104 2154 mei
1123 2094 1249 2174 Augusti
1270 2095 1326 2156 de-

135 2196 139 2207 ‘
238 2193 341 2270 distis,
364 2193 486 2253 caeteris
510 2213 577 2255 cnm
599 2197 786 2274 muneribus,
807 2207 843 2258 nt
865 2197 967 2256 amicis
983 2196 1055 2255 meis
1075 2196 1195 2258 Graecia
1213 2197 1325 2271 duem,

237 2293 302 2356 filio
318 2295 413 2376 ipsius
426 2295 551 2358 contuli.
593 2297 681 2357 Nunc
692 2298 980 2380 Constantinopolim
997 2285 1114 2359 rediens
1128 2307 1245 2379 patrem
1256 2297 1327 2379 pal-

238 2394 282 2458 lio
307 2395 415 2457 donavi
433 2396 661 2476 pretioaisaim03
688 2421 745 2479 pro
765 2401 873 2481 quibua
895 2399 1029 2459 omnibue
1046 2400 1153 2478 gretias
1174 2398 1326 2460 distrabuit

213 2496 395 2559 Beiuemodi.
437 2497 563 2577 Scripsit
576 2497 776 2580 Nicephorus,
798 2511 832 2562 ut
852 2521 1037 2582 quacumque
1054 2500 1130 2562 bora
1151 2521 1182 2562 se
1201 2502 1325 2581 adirem,

238 2597 347 2674 absque
358 2615 440 2656 mora
454 2595 609 2658 chelandio
621 2599 790 2680 impoaitum
802 2603 893 2664 Leoni
905 2605 1055 2666 Kitonitae
1067 2604 1219 2683 dirigeret,
1239 2605 1325 2683 qnod

236 2694 304 2777 ipae
317 2715 378 2754 non
397 2694 489 2758 fecit:
509 2717 614 2760 verum
632 2701 736 2762 diebus
751 2703 858 2781 viginti
872 2727 920 2768 me
932 2717 1083 2768 retentum
1095 2725 1158 2766 non
1172 2706 1249 2781 suia,
1271 2707 1325 2768 sed

237 2797 370 2878 propriis
392 2815 438 2856 me
459 2797 614 2880 stipendiis
641 2804 733 2887 aluit,
764 2804 859 2864 donec
883 2809 1050 2890 opraefeto
1071 2810 1168 2870 Leone
1187 2808 1323 2869 Kitonita

236 2899 363 2960 nuncius
377 2897 460 2960 venit
464 2943 475 2975 ,
501 2901 553 2980 qui
567 2901 653 2963 illum
666 2925 720 2966 cnr
733 2918 972 2988 memoraretur,
994 2909 1169 2989 obiurgavit.
1211 2911 1321 2973 Verum

237 3017 307 3062 cnm
332 3001 550 3080 obiurgationes
579 3023 674 3082 meos,
703 3007 848 3086 lamenta,
879 3019 909 3070 et
929 3011 1054 3092 suspiria
1076 3032 1141 3072 mea
1161 3013 1239 3074 serre
1259 3031 1320 3072 non

235 3113 353 3184 posset,
374 3103 511 3178 recessit,
532 3124 638 3184 meque
657 3106 773 3168 homini
787 3119 848 3169 tam
863 3108 967 3191 iniquo
985 3112 1154 3193 etpeasimo
1174 3133 1321 3174 commen·

237 3203 336 3281 davit,
357 3214 393 3266 ut
415 3215 551 3285 sumptus
570 3207 674 3268 saltem
695 3230 742 3270 me
763 3231 858 3272 emere
873 3233 935 3272 non
955 3213 1154 3294 permitteret,
1184 3215 1279 3276 donec
1300 3234 1319 3276 e

234 3323 283 3366 me
303 3308 463 3381 cortinam,
484 3305 576 3370 librae
595 3311 709 3388 argenti
724 3313 819 3393 pretio
838 3313 972 3394 dignam,
994 3315 1158 3398 acciperet:
1181 3324 1213 3375 et
1230 3335 1320 3396 quum

233 3413 307 3486 post
321 3406 429 3483 viginti
451 3407 514 3466 diea
535 3409 606 3470 inde
629 3410 826 3491 discederem,
855 3417 981 3478 nuncius
998 3416 1082 3498 ipae,
1103 3417 1155 3478 cui
1172 3417 1318 3478 cortinam

234 3505 381 3584 dedersm,
402 3513 541 3572 nauclero
555 3514 651 3591 iussit,
673 3525 709 3574 ut
721 3524 790 3596 post
801 3517 960 3594 acroteria,
981 3518 1012 3578 id
1024 3528 1069 3579 est
1078 3517 1317 3599 promontorium

235 3607 402 3687 quoddam,
424 3629 472 3670 mo
486 3613 617 3693 positum
637 3617 714 3676 ieme
730 3616 828 3696 perire
843 3619 1036 3698 permitteret.
1076 3620 1142 3682 Hoc
1164 3628 1264 3704 autem
1282 3637 1317 3679 eo
1371 3695 1372 3704 ἵ

207 3709 325 3787 eiecit,
355 3711 494 3788 quoniam
515 3734 553 3774 ne
578 3736 727 3798 purpuras
754 3718 893 3779 haberem
915 3719 1114 3799 absconditas,
1140 3741 1206 3781 mea
1227 3720 1317 3801 pallia
1370 3737 1372 3748 ·

232 3809 400 3888 regyravit:
431 3815 598 3894 exquibus
623 3819 696 3880 dum
713 3840 809 3880 unum
828 3821 922 3880 vellet
936 3821 1085 3902 accipere,
1110 3843 1172 3882 non
1192 3822 1316 3904 occepit.
1370 3803 1372 3866 s

234 3911 262 3972 0
287 3911 461 3990 Michables,
497 3915 669 3997 Michaelos,
698 3921 749 3982 ubi
776 3942 831 3982 vos
859 3931 906 3982 tot
935 3922 1026 3984 simul
1050 3923 1183 4005 talesque
1204 3923 1315 4005 reperi!

147 4037 151 4044 ·
233 4023 332 4074 costos
359 4035 444 4077 mens
468 4017 520 4076 ille
546 4021 891 4104 Constantinopolitanus
913 4021 1053 4086 michaeli
1080 4045 1135 4086 ano
1158 4025 1248 4087 rivuli
1266 4041 1314 4098 me

266 4159 502 4291 catapano
523 4183 589 4226 un
612 4171 673 4228 ou
695 4171 802 4247 serpen
816 4175 860 4232 aa
878 4171 1026 4232 nemun
1048 4175 1215 4249 cuaopmse
1235 4177 1314 4232 tua-
