2780 4626
254 265 307 338 52
622 266 780 342 motus
798 267 982 340 DIACONI

91 451 121 504 h·
138 451 173 504 tl.
184 425 517 520 6471οῦνῦπερθίσθαι
530 433 587 500 τὸν
592 426 808 520 νεωτερισμόν·
824 427 1012 499 εἰσελάσαντι
1026 431 1061 500 δέ
1073 427 1344 516 εέςτδΒυζάντιον,

130 523 218 576 ῙΜ
258 541 310 606 καί
330 533 493 621 κατάγοντι
514 535 569 602 τὸν
587 538 764 624 θρίαμβον,
793 534 850 622 είγε
870 534 929 620 τὴν
951 533 1098 624 στρατιάν
1119 533 1150 600 ui
1168 542 1347 621 κρατοῦντες

256 638 341 730 αῦτρῦ
355 640 547 727 ἐγχειρίσαιεν
556 635 636 725 (ᾔδει
649 639 709 726 γάρ
718 637 815 704 αὐτοῦ
827 636 985 724 περιόντος
996 636 1087 724 μὴάν
1096 636 1190 703 ι’ίλλον
1201 619 1347 726 καρτερῆ-

256 769 309 810 σαι
318 742 396 830 πρὸς
409 744 465 828 τὴν
479 739 723 831 τῶνβαρβάρων
741 739 918 807 ἀντίστασιν
930 738 1217 833 παρατάττεσθαι)·
1233 741 1348 808 doulo-

256 853 323 930 βεῖν
336 871 368 911 τε
378 845 434 922 τάς
447 843 599 928 δυνάμεις,
616 847 667 910 καί
681 845 898 928 λελογισμένως
911 846 962 907 καί
976 842 1188 930 ἀνεπισφαλῦς
1200 841 1274 932 ὖπέρ
1286 845 1369 910 vauri

257 948 337 1016 ὅλων
350 950 602 1034 διαγωνίσασθαι.
630 945 711 1012 οὕτω
735 946 774 1030 δὴ
795 942 1014 1032 γνωματεάσας
1037 948 1089 1010 καί
1108 945 1350 1030 βουλευσάμενος

254 1051 339 1140 πρὸς.
351 1051 387 1116 τὸ
404 1049 573 1134 Βυζάντιον
588 1049 682 1115 ίεται·
698 1045 908 1133 άσμενέστατά
921 1073 954 1112 τε
967 1045 1027 1114 aiud
1043 1053 1098 1113 τοῦ
1114 1046 1213 1132 δῆμον
1228 1051 1277 1114 καλ
1293 1056 1351 1134 τῆς

233 1152 432 1241 ῦσνγκλήτοο
449 1155 568 1238 δεχθεὶς
575 1201 585 1234 ,
609 1155 660 1218 καὶ
674 1149 749 1236 ὅσην
762 1148 887 1236 ἐπήγετο
904 1152 987 1215 λείαν
999 1148 1225 1236 θριαμβεύσας,
1240 1154 1290 1217 καὶ
1303 1155 1352 1239 τῷ

258 1260 398 1346 δημοσίῳ
427 1258 541 1346 ταμείῳ
571 1255 625 1322 τδν
659 1254 851 1342 βαρβαρικὸν
879 1259 1013 1319 πλοῦτον
1042 1254 1266 1336 καταθέμενος,
1302 1245 1350 1341 ἐφ’

259 1357 363 1436 ἑστίας
376 1357 533 1444 ἡσύχαζεν.
567 1354 583 1423 ὅ
605 1359 640 1424 δὲ
651 1357 765 1444 Ἰωσὴφ
789 1354 951 1445 (ἐδεδοίκει
965 1355 1024 1444 γὰρ
1043 1355 1100 1440 τὴν
1114 1357 1162 1420 ἐπὶ
1178 1357 1214 1422 τὸ
1230 1353 1369 1436 Reddo-t

259 1488 326 1530 τιον
347 1469 403 1530 τοῦ
418 1458 600 1550 Νικηφόρον
617 1460 793 1548 διατριβὴν,
819 1457 865 1544 μή
885 1485 916 1524 τι
930 1459 1009 1524 κατά
1024 1466 1079 1524 τοῦ
1094 1455 1227 1546 κράτους
1246 1485 1356 1526 νεωτε-

262 1567 352 1654 ρίσειε
360 1615 371 1647 ,
397 1563 534 1649 μάλιστα
546 1571 601 1630 τοῦ
617 1569 835 1652 στρατιωτικοῦ
856 1559 990 1638 ἐκτόπως
1004 1560 1098 1627 αῦτδν
1112 1562 1290 1650 στέργοντας
1303 1565 1361 1628 καί

262 1675 318 1736 τοῦ
335 1667 435 1754 δήμου
449 1664 682 1750 θαυμάζοντος,
711 1662 762 1730 διά
784 1691 816 1730 τε
832 1665 872 1729 τὰ
887 1663 1020 1754 τρόπαια
1041 1666 1092 1730 καὶ
1112 1665 1152 1728 τὰ
1168 1665 1248 1730 κατὰ
1263 1666 1359 1732 πολί-

260 1797 341 1856 μονς
354 1767 643 1860 άνδραγαθήματα)
657 1771 704 1834 ἐπὶ
719 1768 754 1834 τὸ
769 1756 938 1854 διάκτορον
950 1775 1061 1834 τοῦτον
1075 1771 1226 1851 ἐκαλεῖτο,
1244 1769 1275 1834 εί
1289 1791 1360 1844 πως

265 1873 359 1938 αὐτὸν
378 1873 472 1956 ψιλὸν
487 1879 543 1956 τῆς
557 1870 715 1954 δυνάμεως
729 1869 903 1959 ἀπειληφὼς
916 1877 979 1936 τῶν
992 1897 1023 1938 τε
1039 1869 1141 1954 &prov
1156 1868 1288 1958 στερήσῃ
1304 1873 1369 1938 καί,

263 1972 410 2066 ὑπερορίῳ
430 1976 632 2063 παραπίμφη.
678 1973 757 2039 ἀλλὰ
771 1974 806 2040 τδ
830 1979 998 2060 κακοῦργον
1013 1976 1063 2038 καί
1078 1971 1279 2059 περιπάνηρον
1298 1979 1361 2040 τοῦ

258 2078 373 2166 Ἰωσὴφ
396 2075 599 2166 δστρατηγδς
620 2079 730 2152 συνιείς
751 2073 958 2164 (δραστήριος
978 2075 1036 2162 γὰρ
1058 2077 1089 2151 ἐς
1109 2076 1146 2141 τδ
1168 2075 1290 2163 ἀκριβὲς
1304 2069 1360 2161 ἦν,

230 2185 314 2256 υκαί
337 2178 634 2264 καταστοχάσασθαι
656 2181 861 2264 κακοτροπίαν
884 2177 997 2265 ἀνδρὸς
1016 2174 1290 2269 προχειρότατος),
1328 2181 1362 2254 ἐς

262 2285 321 2369 τὴν
333 2282 468 2371 μεγάλην
483 2284 644 2367 ἐκκλησίαν
658 2287 754 2371 φοιτᾷ
760 2331 771 2361 ,
789 2283 839 2346 καὶ
854 2288 897 2369 τῷ
911 2281 1099 2368 ἱεραρχοῦντι
1113 2279 1301 2371 Πολυεύκτῳ
1317 2283 1364 2358 είς

263 2385 374 2473 λόγους
394 2387 514 2466 ἐλθὼν,
543 2385 633 2472 άνδρλ
655 2380 711 2468 τήν
726 2408 758 2448 τε
771 2386 864 2448 θείαν
883 2385 935 2448 καί
953 2383 1151 2470 ἀνθρωπίνην
1172 2387 1364 2472 φιλοσοφίαν

264 2493 308 2565 είς
323 2489 416 2576 άκρον
437 2485 684 2570 ἐκμελετήσαντι,
711 2488 762 2550 καὶ
775 2488 846 2568 βίον
862 2486 1080 2576 αἶρετισαμίνῳ
1095 2488 1128 2551 ἐκ
1140 2483 1283 2570 νεότητος
1297 2513 1366 2570 μο-

214 2613 218 2630 ·
263 2589 389 2658 ναδικάν
408 2613 440 2656 τε
462 2593 512 2654 καί
534 2588 680 2670 άσιιεαον,
708 2591 759 2654 καὶ
780 2588 954 2676 παρρησίαν
972 2585 1048 2677 ῦπέρ
1070 2587 1238 2674 ἄνθρωπον
1251 2615 1366 2674 κεκτη-

264 2695 357 2782 μένῳ,
384 2691 422 2777 ἣν
438 2691 495 2776 οὐχ
509 2689 530 2776 ἦ
545 2688 637 2779 φάσις
656 2692 780 2757 ἐνεποίει
793 2690 878 2780 αὐτῷ
890 2689 986 2775 μόνον
994 2741 1004 2774 ,
1029 2694 1122 2782 τομίῳ
1136 2717 1168 2778 γε
1184 2691 1247 2758 dou
1261 2695 1315 2758 arai
1330 2693 1368 2769 ἐς

268 2795 396 2882 ξ’σχατον
409 2802 507 2884 γῆρας
520 2792 673 2878 ἐλάσαντι,
690 2792 832 2860 ἀλλὰκαὶ
844 2791 864 2879 ἦ
879 2793 1020 2878 άκτησία,
1037 2795 1130 2862 καίτδ
1145 2794 1365 2881 ἀνεπίληπτον,

267 2959 354 3016 batur.
389 2959 502 3014 Proinde
512 2959 646 3028 praestare
660 2956 779 3012 alvisum
790 2961 831 3012 eat
843 2959 951 3012 differre
962 2964 1070 3023 motum,
1094 2967 1122 3011 et
1135 2957 1219 3011 redux
1232 2959 1369 3012 Constan-

269 3030 418 3099 tinopolim,
435 3031 481 3082 ubi
494 3029 652 3097 triumphum
668 3027 799 3091 duxisset,
816 3027 840 3080 ιί
858 3029 1027 3098 Imperatores
1047 3028 1131 3098 ipsius
1145 3027 1208 3080 fidoi
1221 3029 1369 3081 exereitum

270 3099 467 3162 commisissent,
485 3098 615 3166 (noverat
629 3096 712 3160 onim,
736 3113 765 3150 ae
785 3099 923 3166 superstite
939 3097 1015 3150 alium
1029 3096 1152 3150 neminem
1166 3098 1238 3159 fore,
1256 3097 1301 3165 qui
1318 3114 1369 3148 au-

270 3169 345 3221 deret
358 3168 482 3221 adreraue
497 3167 662 3219 barbarorum
674 3165 794 3234 impetum
805 3185 834 3218 aa
846 3167 1009 3234 opponere),
1026 3167 1065 3218 uti
1082 3173 1134 3218 tum
1149 3165 1235 3234 eopiae
1247 3182 1369 3218 reaum-

269 3244 328 3301 ret,
345 3242 454 3306 tutoque
469 3236 574 3288 αοοείΙίο
589 3235 622 3287 de
633 3251 729 3286 aumma
741 3243 824 3288 rarum
839 3235 994 3294 decertaret.
1029 3236 1087 3288 Hoc
1100 3234 1180 3302 igitur
1194 3233 1301 3286 coneilio
1322 3251 1369 3286 ae-

271 3323 327 3358 cum
343 3307 432 3366 animo¹
445 3306 585 3358 constituto
604 3319 635 3355 ac
648 3303 805 3367 deliberato,
823 3303 1071 3372 Constantinopolim
1088 3303 1174 3356 vonit:
1198 3303 1242 3355 ubi
1261 3301 1369 3355 studio-

270 3375 371 3426 aieaime
385 3379 502 3426 aeonutu
519 3371 664 3454 populoque
677 3379 811 3454 receptum
828 3371 940 3454 praeda,
957 3379 1077 3454 quantam
1095 3372 1252 3452 adduxerat,
1269 3371 1369 3424 trium-

270 3444 323 3564 pho
336 3443 463 3505 traducta,
478 3440 627 3522 dirutuiaqpe
638 3441 816 3522 barborrctantp
830 3457 955 3493 aerarium
968 3442 1101 3523 depositus,
1119 3442 1186 3493 dom
1205 3457 1234 3492 aa
1243 3440 1369 3522 'tenebat

286 3511 394 3578 oaephua
408 3511 557 3577 (metuebat
569 3527 634 3562 emm
648 3510 791 3578 Nicephorr
804 3527 831 3561 1n
842 3510 906 3562 urba
918 3516 1144 3573 commorationem,
1162 3526 1194 3561 ne
1207 3508 1270 3577 quid
1283 3527 1369 3561 nova-

269 3594 327 3632 -rum
340 3579 558 3660 rerumnadreraua
574 3579 702 3660 principes
715 3577 861 3641 moliretur,
878 3580 1028 3660 praesertim
1042 3595 1097 3630 cum
1111 3586 1137 3630 et
1154 3577 1278 3630 militares
1294 3577 1369 3630 ordi-

271 3666 325 3730 σεε.
337 3648 472 3715 insigniter
489 3663 545 3700 aum
559 3647 711 3729 diligerent²
734 3653 762 3698 at
781 3647 889 3716 populua
908 3649 1089 3730 admiraretur,
1107 3647 1140 3698 ob
1155 3655 1264 3716 tropaea
1279 3651 1307 3698 et
1325 3661 1369 3698 rea

247 3784 251 3792 ·
272 3715 1369 3853 &middlehilliPiltlldh⁰hfflellttl‘,;ulssfltl⁸ill‚”tilithi

273 3854 348 3922 nephi
361 3853 457 3906 erudeli
468 3854 608 3922 doloaoque
621 3852 726 3906 consilio
748 3853 797 3920 (ut
815 3859 872 3906 erat
883 3853 989 3906 mirifice
1002 3853 1157 3916 industrius,
1180 3858 1207 3904 et
1220 3851 1369 3921 promtissi-

273 3937 329 3975 mua
344 3923 378 3974 ad
393 3923 596 3993 perspiciendam
610 3922 717 3975 hominia
733 3921 825 3974 malam
844 3923 987 3989 mentem),
1009 3923 1037 3974 in
1055 3939 1171 3989 magnam
1183 3921 1322 3974 ecclesiam
1345 3939 1369 3973 ει

200 4053 201 4057 ¹
273 3989 392 4054 aoniioit,
410 3997 453 4054 et,
471 3991 564 4043 collato
581 4007 697 4044 aermone
711 4007 767 4044 eum
779 3990 920 4058 Polyeucto
934 3990 1015 4045 naaria
1029 3994 1177 4060 praelecto,
1195 3990 1251 4042 viro
1266 3989 1312 4059 qui
1331 3989 1369 4040 di-

273 4058 359 4112 vinam
375 4067 453 4128 utque
471 4061 601 4112 humanam
620 4059 804 4129 philosophiam
825 4076 982 4129 summopere
999 4061 1151 4124 meditatus,
1178 4059 1261 4111 electo
1281 4056 1339 4110 eibi
1361 4076 1369 4109 a

273 4126 385 4248 pueritia
402 4128 541 4181 moneatieo
557 4135 635 4198 atquo
655 4129 775 4198 expedito
792 4128 863 4180 ritae
881 4145 992 4195 genere,
1015 4129 1072 4197 plus
1092 4145 1166 4198 quam
1184 4128 1293 4179 humana
1310 4143 1369 4178 erar

295 4197 370 4249 ducia
383 4197 529 4267 praeditum:
553 4214 629 4266 quum
644 4214 695 4250 uon
711 4203 803 4278 nature
818 4195 897 4278 aulum
916 4197 953 4250 illi
967 4198 1105 4260 attulerat,
1128 4196 1237 4278 spadoni
1250 4192 1369 4248 nimirum

275 4271 303 4322 et
313 4264 391 4336 longa
402 4271 488 4324 aetate
502 4272 641 4337 proveatu,
657 4265 705 4320 aad
719 4271 797 4320 atram
809 4266 938 4324 ahdmatio
949 4268 1087 4332 bonorum,
1103 4273 1130 4320 et
1140 4265 1288 4336 inculpata,
1306 4279 1369 4317 euna
