<?xml version="1.0" encoding="UTF-8"?>
<!DOCTYPE html PUBLIC "-//W3C//DTD XHTML 1.0 Transitional//EN"
    "http://www.w3.org/TR/xhtml1/DTD/xhtml1-transitional.dtd">
<html xmlns="http://www.w3.org/1999/xhtml" xml:lang="en" lang="en">
 <head>
  <title>
</title>
<meta http-equiv="Content-Type" content="text/html;charset=utf-8" />
  <meta name='ocr-system' content='tesseract 3.04.00' />
  <meta name='ocr-capabilities' content='ocr_page ocr_carea ocr_par ocr_line ocrx_word'/>
</head>
<body>
  <div class='ocr_page' id='page_1' title='image "./leonisdiaconica00theogoog_0282.png"; bbox 0 0 2768 4620; ppageno 0'>
   <div class='ocr_carea' id='block_1_1' title="bbox 214 263 1081 388">
    <p class='ocr_par' dir='ltr' id='par_1_1' title="bbox 214 263 1081 388">
     <span class='ocr_line' id='line_1_1' title="bbox 214 263 1081 388; baseline -0.006 -41"><span class='ocrx_word' id='word_1_1' title='bbox 214 280 293 355; x_wconf 78' lang='lat' dir='ltr'><strong>ees</strong></span> <span class='ocrx_word' id='word_1_2' title='bbox 372 380 377 388; x_wconf 20' lang='grc' dir='ltr'>Ι</span> <span class='ocrx_word' id='word_1_3' title='bbox 498 263 558 350; x_wconf 78' lang='lat' dir='ltr'><strong>un</strong></span> <span class='ocrx_word' id='word_1_4' title='bbox 577 277 878 350; x_wconf 75' lang='lat' dir='ltr'><strong>anvamonu</strong></span> <span class='ocrx_word' id='word_1_5' title='bbox 897 273 1081 358; x_wconf 75' lang='lat' dir='ltr'><strong>netues</strong></span> 
     </span>
    </p>
   </div>
   <div class='ocr_carea' id='block_1_2' title="bbox 15 428 1371 2980">
    <p class='ocr_par' dir='ltr' id='par_1_2' title="bbox 15 428 1371 2980">
     <span class='ocr_line' id='line_1_2' title="bbox 218 428 1314 538; baseline -0.013 -21"><span class='ocrx_word' id='word_1_6' title='bbox 218 449 379 538; x_wconf 69' lang='lat' dir='ltr'><strong>peronensi</strong></span> <span class='ocrx_word' id='word_1_7' title='bbox 397 449 475 512; x_wconf 77' lang='grc' dir='ltr'><strong><em>λαοῦ</em></strong></span> <span class='ocrx_word' id='word_1_8' title='bbox 499 441 602 510; x_wconf 50' lang='grc' dir='ltr'><strong><em>αὐτοῦ’</em></strong></span> <span class='ocrx_word' id='word_1_9' title='bbox 616 436 885 524; x_wconf 76' lang='grc' dir='ltr'><strong><em>καταλάβωσικαδ</em></strong></span> <span class='ocrx_word' id='word_1_10' title='bbox 904 438 1078 506; x_wconf 63' lang='lat' dir='ltr'><strong>emesae.</strong></span> <span class='ocrx_word' id='word_1_11' title='bbox 1119 431 1186 504; x_wconf 71' lang='grc' dir='ltr'><strong><em>εἶδ’</em></strong></span> <span class='ocrx_word' id='word_1_12' title='bbox 1210 428 1314 514; x_wconf 82' lang='grc' dir='ltr'><strong><em>οδτως</em></strong></span> 
     </span>
     <span class='ocr_line' id='line_1_3' title="bbox 220 536 1314 635; baseline -0.011 -17"><span class='ocrx_word' id='word_1_13' title='bbox 220 556 271 620; x_wconf 83' lang='grc' dir='ltr'><strong><em>καὶ</em></strong></span> <span class='ocrx_word' id='word_1_14' title='bbox 289 549 383 625; x_wconf 85' lang='grc' dir='ltr'><strong><em>αὐτὸς</em></strong></span> <span class='ocrx_word' id='word_1_15' title='bbox 405 550 550 635; x_wconf 78' lang='grc' dir='ltr'><strong><em>σφοδρῶς</em></strong></span> <span class='ocrx_word' id='word_1_16' title='bbox 573 542 653 609; x_wconf 76' lang='grc' dir='ltr'><strong><em>κατὰ</em></strong></span> <span class='ocrx_word' id='word_1_17' title='bbox 680 549 743 610; x_wconf 82' lang='grc' dir='ltr'><strong>τῶν</strong></span> <span class='ocrx_word' id='word_1_18' title='bbox 765 542 916 625; x_wconf 89' lang='grc' dir='ltr'><strong><em>πολεμίων</em></strong></span> <span class='ocrx_word' id='word_1_19' title='bbox 936 541 997 606; x_wconf 79' lang='grc' dir='ltr'><strong>ἀπὸ</strong></span> <span class='ocrx_word' id='word_1_20' title='bbox 1022 546 1078 606; x_wconf 77' lang='grc' dir='ltr'><strong>τοῦ</strong></span> <span class='ocrx_word' id='word_1_21' title='bbox 1099 536 1314 625; x_wconf 73' lang='grc' dir='ltr'><strong><em>ἐγαρύμματος</em></strong></span> 
     </span>
     <span class='ocr_line' id='line_1_4' title="bbox 218 639 1324 735; baseline -0.013 -15"><span class='ocrx_word' id='word_1_22' title='bbox 218 652 353 732; x_wconf 75' lang='grc' dir='ltr'><strong><em>ἐξελθὼν</em></strong></span> <span class='ocrx_word' id='word_1_23' title='bbox 361 700 371 731; x_wconf 93' lang='grc'><strong><em>,</em></strong></span> <span class='ocrx_word' id='word_1_24' title='bbox 398 650 557 735; x_wconf 76' lang='grc' dir='ltr'><strong><em>μετὰτῶν</em></strong></span> <span class='ocrx_word' id='word_1_25' title='bbox 572 646 629 713; x_wconf 86' lang='grc' dir='ltr'><strong>σδν</strong></span> <span class='ocrx_word' id='word_1_26' title='bbox 648 646 733 732; x_wconf 83' lang='grc' dir='ltr'><strong><em>αὐτῷ</em></strong></span> <span class='ocrx_word' id='word_1_27' title='bbox 752 639 919 732; x_wconf 82' lang='grc' dir='ltr'><strong><em>ὃρμιγσιίτω</em></strong></span> <span class='ocrx_word' id='word_1_28' title='bbox 926 691 936 725; x_wconf 91' lang='grc'><strong><em>,</em></strong></span> <span class='ocrx_word' id='word_1_29' title='bbox 964 643 1016 708; x_wconf 83' lang='lat' dir='ltr'><strong>sol</strong></span> <span class='ocrx_word' id='word_1_30' title='bbox 1028 639 1258 726; x_wconf 71' lang='grc' dir='ltr'><strong><em>εὐοδωδήοεται</em></strong></span> <span class='ocrx_word' id='word_1_31' title='bbox 1271 648 1324 727; x_wconf 55' lang='grc' dir='ltr'><strong>τῇ,</strong></span> 
     </span>
     <span class='ocr_line' id='line_1_5' title="bbox 217 740 1313 840; baseline -0.011 -18"><span class='ocrx_word' id='word_1_32' title='bbox 217 762 275 822; x_wconf 77' lang='grc' dir='ltr'><strong>τοῦ</strong></span> <span class='ocrx_word' id='word_1_33' title='bbox 296 759 436 840; x_wconf 77' lang='grc' dir='ltr'><strong><em>Χριστοῦ</em></strong></span> <span class='ocrx_word' id='word_1_34' title='bbox 459 745 586 832; x_wconf 75' lang='grc' dir='ltr'>δυνάμει</span> <span class='ocrx_word' id='word_1_35' title='bbox 607 751 660 814; x_wconf 78' lang='grc' dir='ltr'><strong><em>καί</em></strong></span> <span class='ocrx_word' id='word_1_36' title='bbox 675 746 789 835; x_wconf 80' lang='grc' dir='ltr'><strong><em>χάριτι.</em></strong></span> <span class='ocrx_word' id='word_1_37' title='bbox 832 742 963 830; x_wconf 79' lang='grc' dir='ltr'><strong><em>λήψεται</em></strong></span> <span class='ocrx_word' id='word_1_38' title='bbox 985 744 1046 832; x_wconf 85' lang='grc' dir='ltr'><strong><em>γδρ</em></strong></span> <span class='ocrx_word' id='word_1_39' title='bbox 1072 746 1125 810; x_wconf 82' lang='grc' dir='ltr'><strong><em>καὶ</em></strong></span> <span class='ocrx_word' id='word_1_40' title='bbox 1150 740 1313 829; x_wconf 75' lang='grc' dir='ltr'><strong><em>δορυαλώ-</em></strong></span> 
     </span>
     <span class='ocr_line' id='line_1_6' title="bbox 15 837 1340 938; baseline -0.013 -10"><span class='ocrx_word' id='word_1_41' title='bbox 15 919 19 928; x_wconf 87' lang='grc'><em>.</em></span> <span class='ocrx_word' id='word_1_42' title='bbox 219 881 294 933; x_wconf 88' lang='grc' dir='ltr'><strong><em>τους</em></strong></span> <span class='ocrx_word' id='word_1_43' title='bbox 302 906 313 938; x_wconf 95' lang='grc'><strong><em>,</em></strong></span> <span class='ocrx_word' id='word_1_44' title='bbox 340 856 391 919; x_wconf 80' lang='grc' dir='ltr'><strong><em>καί</em></strong></span> <span class='ocrx_word' id='word_1_45' title='bbox 406 852 539 928; x_wconf 86' lang='grc' dir='ltr'><strong><em>πολλοδς</em></strong></span> <span class='ocrx_word' id='word_1_46' title='bbox 554 853 606 916; x_wconf 77' lang='grc' dir='ltr'><strong><em>καί</em></strong></span> <span class='ocrx_word' id='word_1_47' title='bbox 622 847 778 937; x_wconf 77' lang='grc' dir='ltr'><strong><em>ἀναιρήσει</em></strong></span> <span class='ocrx_word' id='word_1_48' title='bbox 795 850 846 914; x_wconf 83' lang='grc' dir='ltr'><strong><em>καί</em></strong></span> <span class='ocrx_word' id='word_1_49' title='bbox 861 848 1069 934; x_wconf 80' lang='grc' dir='ltr'><strong><em>τραυματίσα.</em></strong></span> <span class='ocrx_word' id='word_1_50' title='bbox 1100 852 1164 913; x_wconf 85' lang='grc' dir='ltr'><strong>τῶν</strong></span> <span class='ocrx_word' id='word_1_51' title='bbox 1184 837 1240 912; x_wconf 81' lang='grc' dir='ltr'><strong><em>οὐν</em></strong></span> <span class='ocrx_word' id='word_1_52' title='bbox 1252 866 1340 922; x_wconf 79' lang='grc' dir='ltr'><strong><em>ιτα-5</em></strong></span> 
     </span>
     <span class='ocr_line' id='line_1_7' title="bbox 105 947 1315 1042; baseline -0.007 -21"><span class='ocrx_word' id='word_1_53' title='bbox 105 967 138 1021; x_wconf 77' lang='grc' dir='ltr'><strong>Ρ.</strong></span> <span class='ocrx_word' id='word_1_54' title='bbox 156 965 207 1024; x_wconf 84' lang='grc'><strong>150</strong></span> <span class='ocrx_word' id='word_1_55' title='bbox 223 961 334 1042; x_wconf 89' lang='grc' dir='ltr'><strong><em>λεμίων</em></strong></span> <span class='ocrx_word' id='word_1_56' title='bbox 359 955 402 1021; x_wconf 75' lang='grc' dir='ltr'><strong>ἐτι</strong></span> <span class='ocrx_word' id='word_1_57' title='bbox 428 952 693 1041; x_wconf 74' lang='grc' dir='ltr'><strong><em>προστιθεμένων,</em></strong></span> <span class='ocrx_word' id='word_1_58' title='bbox 720 953 771 1017; x_wconf 78' lang='grc' dir='ltr'><strong><em>καὶ</em></strong></span> <span class='ocrx_word' id='word_1_59' title='bbox 794 953 837 1027; x_wconf 86' lang='grc' dir='ltr'><strong>είς</strong></span> <span class='ocrx_word' id='word_1_60' title='bbox 857 955 980 1034; x_wconf 73' lang='grc' dir='ltr'><strong><em>πλῆθος</em></strong></span> <span class='ocrx_word' id='word_1_61' title='bbox 1003 947 1234 1032; x_wconf 77' lang='grc' dir='ltr'><strong><em>αὐξανομένων,</em></strong></span> <span class='ocrx_word' id='word_1_62' title='bbox 1261 952 1315 1014; x_wconf 79' lang='grc' dir='ltr'><strong><em>καλ</em></strong></span> 
     </span>
     <span class='ocr_line' id='line_1_8' title="bbox 222 1047 1314 1148; baseline -0.012 -19"><span class='ocrx_word' id='word_1_63' title='bbox 222 1062 368 1148; x_wconf 77' lang='grc' dir='ltr'><strong><em>σφοδρῶς</em></strong></span> <span class='ocrx_word' id='word_1_64' title='bbox 382 1053 620 1134; x_wconf 82' lang='grc' dir='ltr'><strong><em>ἐπιδιωκόντων,</em></strong></span> <span class='ocrx_word' id='word_1_65' title='bbox 647 1055 721 1129; x_wconf 85' lang='grc' dir='ltr'><strong><em>τούς</em></strong></span> <span class='ocrx_word' id='word_1_66' title='bbox 735 1055 791 1136; x_wconf 88' lang='grc' dir='ltr'><strong><em>μέν</em></strong></span> <span class='ocrx_word' id='word_1_67' title='bbox 806 1052 1055 1136; x_wconf 76' lang='grc' dir='ltr'><strong><em>κατασχεδέντοις</em></strong></span> <span class='ocrx_word' id='word_1_68' title='bbox 1070 1052 1221 1135; x_wconf 88' lang='grc' dir='ltr'><strong><em>δεσμίους,</em></strong></span> <span class='ocrx_word' id='word_1_69' title='bbox 1239 1047 1314 1128; x_wconf 87' lang='grc' dir='ltr'><strong><em>τούς</em></strong></span> 
     </span>
     <span class='ocr_line' id='line_1_9' title="bbox 222 1150 1313 1242; baseline -0.009 -14"><span class='ocrx_word' id='word_1_70' title='bbox 222 1188 257 1228; x_wconf 88' lang='grc' dir='ltr'><strong>τε</strong></span> <span class='ocrx_word' id='word_1_71' title='bbox 276 1158 393 1236; x_wconf 68' lang='grc' dir='ltr'><strong><em>ἵππους,</em></strong></span> <span class='ocrx_word' id='word_1_72' title='bbox 409 1159 512 1224; x_wconf 86' lang='grc' dir='ltr'><strong><em>αὐτῶν</em></strong></span> <span class='ocrx_word' id='word_1_73' title='bbox 531 1161 582 1222; x_wconf 77' lang='grc' dir='ltr'><strong><em>καί</em></strong></span> <span class='ocrx_word' id='word_1_74' title='bbox 598 1155 678 1222; x_wconf 82' lang='grc' dir='ltr'><strong><em>ὅπλα</em></strong></span> <span class='ocrx_word' id='word_1_75' title='bbox 694 1155 869 1242; x_wconf 72' lang='grc' dir='ltr'><strong><em>ἐμπροσθεν</em></strong></span> <span class='ocrx_word' id='word_1_76' title='bbox 885 1150 1093 1220; x_wconf 82' lang='grc' dir='ltr'><strong><em>ὐποστειλάτω</em></strong></span> <span class='ocrx_word' id='word_1_77' title='bbox 1102 1202 1112 1233; x_wconf 95' lang='grc'><strong><em>,</em></strong></span> <span class='ocrx_word' id='word_1_78' title='bbox 1139 1159 1196 1218; x_wconf 83' lang='grc' dir='ltr'><strong>τοῦ</strong></span> <span class='ocrx_word' id='word_1_79' title='bbox 1215 1177 1313 1220; x_wconf 83' lang='grc' dir='ltr'><strong><em>κατα-</em></strong></span> 
     </span>
     <span class='ocr_line' id='line_1_10' title="bbox 223 1252 1314 1356; baseline -0.005 -28"><span class='ocrx_word' id='word_1_80' title='bbox 223 1269 328 1346; x_wconf 81' lang='grc' dir='ltr'><strong><em>λαβεῖν</em></strong></span> <span class='ocrx_word' id='word_1_81' title='bbox 345 1264 376 1326; x_wconf 88' lang='grc' dir='ltr'><strong><em>ἐν</em></strong></span> <span class='ocrx_word' id='word_1_82' title='bbox 391 1254 416 1349; x_wconf 81' lang='grc' dir='ltr'><em>ᾧ</em></span> <span class='ocrx_word' id='word_1_83' title='bbox 434 1259 520 1348; x_wconf 84' lang='grc' dir='ltr'><strong><em>τόπῳ</em></strong></span> <span class='ocrx_word' id='word_1_84' title='bbox 535 1257 552 1324; x_wconf 84' lang='grc' dir='ltr'><em>ὃ</em></span> <span class='ocrx_word' id='word_1_85' title='bbox 567 1258 738 1346; x_wconf 84' lang='grc' dir='ltr'><strong><em>στρατηγός</em></strong></span> <span class='ocrx_word' id='word_1_86' title='bbox 753 1259 887 1324; x_wconf 77' lang='grc' dir='ltr'><strong><em>ἵσταται.</em></strong></span> <span class='ocrx_word' id='word_1_87' title='bbox 920 1256 1055 1356; x_wconf 75' lang='grc' dir='ltr'><strong><em>κρῖκεΐνος</em></strong></span> <span class='ocrx_word' id='word_1_88' title='bbox 1070 1252 1223 1333; x_wconf 79' lang='grc' dir='ltr'><strong>εὐτάκτως</strong></span> <span class='ocrx_word' id='word_1_89' title='bbox 1234 1253 1314 1322; x_wconf 78' lang='grc' dir='ltr'><strong><em>ὐπο-</em></strong></span> 
     </span>
     <span class='ocr_line' id='line_1_11' title="bbox 224 1358 1361 1454; baseline -0.005 -24"><span class='ocrx_word' id='word_1_90' title='bbox 224 1365 360 1454; x_wconf 91' lang='grc' dir='ltr'><strong><em>φευγέτω</em></strong></span> <span class='ocrx_word' id='word_1_91' title='bbox 380 1363 459 1446; x_wconf 83' lang='grc' dir='ltr'><strong><em>μετδ</em></strong></span> <span class='ocrx_word' id='word_1_92' title='bbox 482 1367 544 1426; x_wconf 86' lang='grc' dir='ltr'><strong>τῶν</strong></span> <span class='ocrx_word' id='word_1_93' title='bbox 566 1361 623 1426; x_wconf 84' lang='grc' dir='ltr'><strong><em>οὐν</em></strong></span> <span class='ocrx_word' id='word_1_94' title='bbox 651 1361 755 1449; x_wconf 81' lang='grc' dir='ltr'><strong><em>αὐτῷ,</em></strong></span> <span class='ocrx_word' id='word_1_95' title='bbox 783 1360 927 1446; x_wconf 71' lang='grc' dir='ltr'><strong><em>ἐρεθίζων</em></strong></span> <span class='ocrx_word' id='word_1_96' title='bbox 951 1358 1025 1434; x_wconf 85' lang='grc' dir='ltr'><strong><em>τοδς</em></strong></span> <span class='ocrx_word' id='word_1_97' title='bbox 1050 1361 1212 1441; x_wconf 84' lang='grc' dir='ltr'><strong><em>πολεμίους</em></strong></span> <span class='ocrx_word' id='word_1_98' title='bbox 1236 1359 1361 1445; x_wconf 74' lang='grc' dir='ltr'><strong><em>πρδςιο</em></strong></span> 
     </span>
     <span class='ocr_line' id='line_1_12' title="bbox 226 1460 1318 1550; baseline -0.007 -18"><span class='ocrx_word' id='word_1_99' title='bbox 226 1469 329 1542; x_wconf 89' lang='grc' dir='ltr'><strong><em>δίωξιν</em></strong></span> <span class='ocrx_word' id='word_1_100' title='bbox 345 1468 396 1530; x_wconf 83' lang='grc' dir='ltr'><strong><em>καί</em></strong></span> <span class='ocrx_word' id='word_1_101' title='bbox 411 1465 558 1548; x_wconf 73' lang='grc' dir='ltr'><strong><em>ἐμπείρως</em></strong></span> <span class='ocrx_word' id='word_1_102' title='bbox 571 1460 785 1550; x_wconf 88' lang='grc' dir='ltr'><strong><em>ἐφελκόμενος·</em></strong></span> <span class='ocrx_word' id='word_1_103' title='bbox 812 1463 919 1544; x_wconf 78' lang='grc' dir='ltr'><strong><em>μηδεὶς</em></strong></span> <span class='ocrx_word' id='word_1_104' title='bbox 935 1461 969 1526; x_wconf 89' lang='grc' dir='ltr'><strong><em>δέ</em></strong></span> <span class='ocrx_word' id='word_1_105' title='bbox 987 1467 1043 1526; x_wconf 78' lang='grc' dir='ltr'><strong>τοῦ</strong></span> <span class='ocrx_word' id='word_1_106' title='bbox 1065 1467 1143 1526; x_wconf 82' lang='grc' dir='ltr'><strong><em>λαοῦ</em></strong></span> <span class='ocrx_word' id='word_1_107' title='bbox 1157 1461 1252 1526; x_wconf 80' lang='grc' dir='ltr'><strong><em>αὐτοῦ</em></strong></span> <span class='ocrx_word' id='word_1_108' title='bbox 1269 1486 1318 1546; x_wconf 91' lang='grc' dir='ltr'><strong><em>γι-</em></strong></span> 
     </span>
     <span class='ocr_line' id='line_1_13' title="bbox 226 1560 1315 1650; baseline -0.006 -16"><span class='ocrx_word' id='word_1_109' title='bbox 226 1566 384 1647; x_wconf 88' lang='grc' dir='ltr'><strong><em>νωσκέτω,</em></strong></span> <span class='ocrx_word' id='word_1_110' title='bbox 413 1567 444 1631; x_wconf 81' lang='grc' dir='ltr'><strong><em>ἐν</em></strong></span> <span class='ocrx_word' id='word_1_111' title='bbox 462 1562 507 1642; x_wconf 76' lang='grc' dir='ltr'><strong><em>οἷς</em></strong></span> <span class='ocrx_word' id='word_1_112' title='bbox 521 1561 626 1640; x_wconf 84' lang='grc' dir='ltr'><strong><em>τόποις</em></strong></span> <span class='ocrx_word' id='word_1_113' title='bbox 638 1564 677 1630; x_wconf 82' lang='grc' dir='ltr'><strong>τὰ</strong></span> <span class='ocrx_word' id='word_1_114' title='bbox 690 1560 888 1650; x_wconf 82' lang='grc' dir='ltr'><strong><em>ἐγκρύμματα</em></strong></span> <span class='ocrx_word' id='word_1_115' title='bbox 902 1568 958 1628; x_wconf 81' lang='grc' dir='ltr'><strong>τοῦ</strong></span> <span class='ocrx_word' id='word_1_116' title='bbox 977 1570 1149 1649; x_wconf 78' lang='grc' dir='ltr'><strong><em>στρατηγοῦ</em></strong></span> <span class='ocrx_word' id='word_1_117' title='bbox 1161 1565 1315 1644; x_wconf 70' lang='grc' dir='ltr'><strong><em>ἵστανται,</em></strong></span> 
     </span>
     <span class='ocr_line' id='line_1_14' title="bbox 228 1664 1318 1754; baseline -0.005 -19"><span class='ocrx_word' id='word_1_118' title='bbox 228 1674 255 1736; x_wconf 79' lang='lat' dir='ltr'><strong>ei</strong></span> <span class='ocrx_word' id='word_1_119' title='bbox 267 1670 310 1753; x_wconf 83' lang='grc' dir='ltr'><strong>μὴ</strong></span> <span class='ocrx_word' id='word_1_120' title='bbox 325 1664 451 1754; x_wconf 83' lang='grc' dir='ltr'><strong><em>μόνοςὸ</em></strong></span> <span class='ocrx_word' id='word_1_121' title='bbox 467 1666 568 1751; x_wconf 80' lang='grc' dir='ltr'><strong><em>δίρχων</em></strong></span> <span class='ocrx_word' id='word_1_122' title='bbox 583 1665 693 1732; x_wconf 84' lang='grc' dir='ltr'><strong><em>αὐτῶν.</em></strong></span> <span class='ocrx_word' id='word_1_123' title='bbox 729 1670 792 1731; x_wconf 84' lang='grc' dir='ltr'><strong>τῶν</strong></span> <span class='ocrx_word' id='word_1_124' title='bbox 809 1666 843 1730; x_wconf 79' lang='grc' dir='ltr'><strong><em>δέ</em></strong></span> <span class='ocrx_word' id='word_1_125' title='bbox 856 1666 1007 1747; x_wconf 83' lang='grc' dir='ltr'><strong><em>πολεμίων</em></strong></span> <span class='ocrx_word' id='word_1_126' title='bbox 1028 1666 1243 1748; x_wconf 74' lang='grc' dir='ltr'><strong><em>ἐπιτιθεμένων</em></strong></span> <span class='ocrx_word' id='word_1_127' title='bbox 1258 1665 1318 1730; x_wconf 85' lang='grc' dir='ltr'><strong><em>αὐ-</em></strong></span> 
     </span>
     <span class='ocr_line' id='line_1_15' title="bbox 226 1764 1319 1859; baseline -0.005 -21"><span class='ocrx_word' id='word_1_128' title='bbox 226 1778 273 1859; x_wconf 78' lang='grc' dir='ltr'><strong>τῷ</strong></span> <span class='ocrx_word' id='word_1_129' title='bbox 289 1770 367 1853; x_wconf 83' lang='grc' dir='ltr'><strong><em>μετδ</em></strong></span> <span class='ocrx_word' id='word_1_130' title='bbox 389 1767 530 1852; x_wconf 76' lang='grc' dir='ltr'><strong><em>πλήθους</em></strong></span> <span class='ocrx_word' id='word_1_131' title='bbox 548 1774 644 1850; x_wconf 73' lang='grc' dir='ltr'><strong><em>λαοῦ,</em></strong></span> <span class='ocrx_word' id='word_1_132' title='bbox 671 1769 723 1832; x_wconf 84' lang='grc' dir='ltr'><strong><em>καί</em></strong></span> <span class='ocrx_word' id='word_1_133' title='bbox 745 1766 886 1855; x_wconf 82' lang='grc' dir='ltr'><strong><em>ἀκρατῶς</em></strong></span> <span class='ocrx_word' id='word_1_134' title='bbox 904 1764 1092 1847; x_wconf 83' lang='grc' dir='ltr'><strong><em>διωκόντων,</em></strong></span> <span class='ocrx_word' id='word_1_135' title='bbox 1119 1765 1319 1854; x_wconf 72' lang='grc' dir='ltr'><strong><em>ὑποστροφὰς</em></strong></span> 
     </span>
     <span class='ocr_line' id='line_1_16' title="bbox 200 1866 1366 1954; baseline 0.003 -22"><span class='ocrx_word' id='word_1_136' title='bbox 200 1875 410 1938; x_wconf 81' lang='grc' dir='ltr'><strong><em>Βποιείτωσαν</em></strong></span> <span class='ocrx_word' id='word_1_137' title='bbox 425 1871 455 1937; x_wconf 86' lang='lat' dir='ltr'><strong>oi</strong></span> <span class='ocrx_word' id='word_1_138' title='bbox 472 1869 556 1946; x_wconf 86' lang='grc' dir='ltr'><strong><em>όντες</em></strong></span> <span class='ocrx_word' id='word_1_139' title='bbox 573 1870 704 1950; x_wconf 75' lang='grc' dir='ltr'><strong><em>ἀνδρεῖοι</em></strong></span> <span class='ocrx_word' id='word_1_140' title='bbox 720 1872 771 1934; x_wconf 81' lang='grc' dir='ltr'><strong><em>καὶ</em></strong></span> <span class='ocrx_word' id='word_1_141' title='bbox 783 1866 1005 1954; x_wconf 91' lang='grc' dir='ltr'><strong><em>γενναιότατοι,</em></strong></span> <span class='ocrx_word' id='word_1_142' title='bbox 1034 1872 1084 1934; x_wconf 79' lang='grc' dir='ltr'><strong><em>καὶ</em></strong></span> <span class='ocrx_word' id='word_1_143' title='bbox 1098 1871 1211 1945; x_wconf 70' lang='grc' dir='ltr'><strong><em>’ἵππους</em></strong></span> <span class='ocrx_word' id='word_1_144' title='bbox 1229 1867 1366 1947; x_wconf 74' lang='lat' dir='ltr'><strong>eristi-15</strong></span> 
     </span>
     <span class='ocr_line' id='line_1_17' title="bbox 227 1968 1363 2056; baseline -0.001 -16"><span class='ocrx_word' id='word_1_145' title='bbox 227 1997 302 2048; x_wconf 89' lang='grc' dir='ltr'><strong><em>νοος</em></strong></span> <span class='ocrx_word' id='word_1_146' title='bbox 326 1973 461 2056; x_wconf 60' lang='lat' dir='ltr'><strong>lignetes,</strong></span> <span class='ocrx_word' id='word_1_147' title='bbox 489 1974 541 2038; x_wconf 77' lang='grc' dir='ltr'><strong><em>καί</em></strong></span> <span class='ocrx_word' id='word_1_148' title='bbox 559 1973 774 2056; x_wconf 85' lang='grc' dir='ltr'><strong><em>πληττίτωσαν</em></strong></span> <span class='ocrx_word' id='word_1_149' title='bbox 797 1971 871 2047; x_wconf 82' lang='grc' dir='ltr'><strong><em>τούς</em></strong></span> <span class='ocrx_word' id='word_1_150' title='bbox 891 1968 1075 2047; x_wconf 80' lang='grc' dir='ltr'><strong><em>διώκοντος·</em></strong></span> <span class='ocrx_word' id='word_1_151' title='bbox 1098 1973 1152 2037; x_wconf 67' lang='grc' dir='ltr'><strong><em>ἰ’να</em></strong></span> <span class='ocrx_word' id='word_1_152' title='bbox 1174 1973 1225 2038; x_wconf 81' lang='grc' dir='ltr'><strong><em>καὶ</em></strong></span> <span class='ocrx_word' id='word_1_153' title='bbox 1245 1974 1318 2049; x_wconf 84' lang='grc' dir='ltr'><strong><em>τούς</em></strong></span> <span class='ocrx_word' id='word_1_154' title='bbox 1357 1969 1363 1977; x_wconf 66' lang='grc'><strong>’</strong></span> 
     </span>
     <span class='ocr_line' id='line_1_18' title="bbox 228 2071 1319 2162; baseline 0 -22"><span class='ocrx_word' id='word_1_155' title='bbox 228 2075 422 2162; x_wconf 85' lang='grc' dir='ltr'><strong><em>τραυματίας</em></strong></span> <span class='ocrx_word' id='word_1_156' title='bbox 438 2081 499 2140; x_wconf 84' lang='grc' dir='ltr'><strong>τῶν</strong></span> <span class='ocrx_word' id='word_1_157' title='bbox 516 2075 601 2140; x_wconf 76' lang='grc' dir='ltr'><strong><em>ἰδίων</em></strong></span> <span class='ocrx_word' id='word_1_158' title='bbox 619 2071 811 2154; x_wconf 83' lang='grc' dir='ltr'><strong><em>διασώσωσι,</em></strong></span> <span class='ocrx_word' id='word_1_159' title='bbox 837 2075 888 2140; x_wconf 78' lang='grc' dir='ltr'><strong><em>καὶ</em></strong></span> <span class='ocrx_word' id='word_1_160' title='bbox 901 2075 1004 2140; x_wconf 74' lang='grc' dir='ltr'><strong><em>ἵππων</em></strong></span> <span class='ocrx_word' id='word_1_161' title='bbox 1023 2071 1214 2140; x_wconf 80' lang='grc' dir='ltr'><strong><em>ἀτονούντων</em></strong></span> <span class='ocrx_word' id='word_1_162' title='bbox 1231 2074 1250 2158; x_wconf 81' lang='grc' dir='ltr'>ἢ</span> <span class='ocrx_word' id='word_1_163' title='bbox 1267 2079 1319 2142; x_wconf 76' lang='grc' dir='ltr'><strong><em>καὶ</em></strong></span> 
     </span>
     <span class='ocr_line' id='line_1_19' title="bbox 207 2165 1320 2262; baseline 0.002 -21"><span class='ocrx_word' id='word_1_164' title='bbox 207 2165 444 2261; x_wconf 79' lang='grc' dir='ltr'><strong>Ιπληττομένων</strong></span> <span class='ocrx_word' id='word_1_165' title='bbox 461 2173 571 2262; x_wconf 73' lang='grc' dir='ltr'><strong><em>ἑτέρων</em></strong></span> <span class='ocrx_word' id='word_1_166' title='bbox 588 2177 728 2260; x_wconf 77' lang='grc' dir='ltr'><strong><em>ἐπιβῆναι</em></strong></span> <span class='ocrx_word' id='word_1_167' title='bbox 741 2173 1023 2262; x_wconf 80' lang='grc' dir='ltr'><strong><em>παρασκευάσασιν.</em></strong></span> <span class='ocrx_word' id='word_1_168' title='bbox 1058 2173 1123 2242; x_wconf 71' lang='grc' dir='ltr'><strong><em>εἶδ’</em></strong></span> <span class='ocrx_word' id='word_1_169' title='bbox 1141 2175 1239 2253; x_wconf 81' lang='grc' dir='ltr'><strong><em>οὐτως</em></strong></span> <span class='ocrx_word' id='word_1_170' title='bbox 1253 2180 1320 2244; x_wconf 89' lang='grc' dir='ltr'><strong><em>ἐπι-</em></strong></span> 
     </span>
     <span class='ocr_line' id='line_1_20' title="bbox 230 2276 1319 2364; baseline 0.001 -20"><span class='ocrx_word' id='word_1_171' title='bbox 230 2276 373 2355; x_wconf 90' lang='grc' dir='ltr'><strong><em>διδόντας</em></strong></span> <span class='ocrx_word' id='word_1_172' title='bbox 388 2279 461 2354; x_wconf 82' lang='grc' dir='ltr'><strong><em>τούς</em></strong></span> <span class='ocrx_word' id='word_1_173' title='bbox 472 2279 619 2362; x_wconf 83' lang='grc' dir='ltr'><strong><em>χαλινοδς</em></strong></span> <span class='ocrx_word' id='word_1_174' title='bbox 632 2285 695 2344; x_wconf 82' lang='grc' dir='ltr'><strong>τῶν</strong></span> <span class='ocrx_word' id='word_1_175' title='bbox 705 2281 808 2344; x_wconf 72' lang='grc' dir='ltr'><strong><em>ἰ’ππιον</em></strong></span> <span class='ocrx_word' id='word_1_176' title='bbox 826 2277 889 2361; x_wconf 67' lang='grc' dir='ltr'><strong><em>μετ’</em></strong></span> <span class='ocrx_word' id='word_1_177' title='bbox 906 2279 1028 2352; x_wconf 89' lang='grc' dir='ltr'><strong><em>ἐλασίας</em></strong></span> <span class='ocrx_word' id='word_1_178' title='bbox 1046 2285 1250 2364; x_wconf 74' lang='grc' dir='ltr'><strong><em>μακρυνδῶσι</em></strong></span> <span class='ocrx_word' id='word_1_179' title='bbox 1266 2308 1319 2363; x_wconf 82' lang='grc' dir='ltr'><strong><em>μι-</em></strong></span> 
     </span>
     <span class='ocr_line' id='line_1_21' title="bbox 66 2374 1369 2468; baseline 0 -22"><span class='ocrx_word' id='word_1_180' title='bbox 66 2393 123 2447; x_wconf 79' lang='lat' dir='ltr'><strong>ru.</strong></span> <span class='ocrx_word' id='word_1_181' title='bbox 133 2391 187 2448; x_wconf 77' lang='lat'><strong>³96</strong></span> <span class='ocrx_word' id='word_1_182' title='bbox 204 2381 309 2468; x_wconf 81' lang='grc' dir='ltr'><strong><em>τ.κρδν</em></strong></span> <span class='ocrx_word' id='word_1_183' title='bbox 325 2388 387 2446; x_wconf 82' lang='grc' dir='ltr'><strong>τῶν</strong></span> <span class='ocrx_word' id='word_1_184' title='bbox 402 2378 590 2447; x_wconf 86' lang='grc' dir='ltr'><strong><em>διωκόντων·</em></strong></span> <span class='ocrx_word' id='word_1_185' title='bbox 614 2382 667 2446; x_wconf 63' lang='grc' dir='ltr'><strong><em>’ἵνα</em></strong></span> <span class='ocrx_word' id='word_1_186' title='bbox 681 2382 732 2446; x_wconf 80' lang='grc' dir='ltr'><strong><em>καὶ</em></strong></span> <span class='ocrx_word' id='word_1_187' title='bbox 747 2384 802 2446; x_wconf 78' lang='grc' dir='ltr'><strong>τοῦ</strong></span> <span class='ocrx_word' id='word_1_188' title='bbox 815 2378 932 2464; x_wconf 78' lang='grc' dir='ltr'><strong><em>βάρους</em></strong></span> <span class='ocrx_word' id='word_1_189' title='bbox 944 2386 1000 2444; x_wconf 87' lang='grc' dir='ltr'><strong><em>τοῦ</em></strong></span> <span class='ocrx_word' id='word_1_190' title='bbox 1017 2381 1199 2464; x_wconf 76' lang='grc' dir='ltr'><strong><em>ἐπικειμένου</em></strong></span> <span class='ocrx_word' id='word_1_191' title='bbox 1215 2374 1369 2462; x_wconf 64' lang='lat' dir='ltr'><strong>airoino</strong></span> 
     </span>
     <span class='ocr_line' id='line_1_22' title="bbox 230 2480 1321 2570; baseline 0.001 -22"><span class='ocrx_word' id='word_1_192' title='bbox 230 2490 295 2548; x_wconf 81' lang='grc' dir='ltr'><strong>τῶν</strong></span> <span class='ocrx_word' id='word_1_193' title='bbox 312 2483 463 2564; x_wconf 88' lang='grc' dir='ltr'><strong><em>πολεμίων</em></strong></span> <span class='ocrx_word' id='word_1_194' title='bbox 477 2482 586 2568; x_wconf 85' lang='grc' dir='ltr'><strong><em>μικρόν</em></strong></span> <span class='ocrx_word' id='word_1_195' title='bbox 604 2489 798 2568; x_wconf 74' lang='grc' dir='ltr'><strong><em>κουφισδῶσι</em></strong></span> <span class='ocrx_word' id='word_1_196' title='bbox 806 2529 816 2561; x_wconf 94' lang='grc'><strong><em>,</em></strong></span> <span class='ocrx_word' id='word_1_197' title='bbox 843 2481 991 2562; x_wconf 78' lang='grc' dir='ltr'><strong><em>κάκεῖνοι,</em></strong></span> <span class='ocrx_word' id='word_1_198' title='bbox 1019 2480 1161 2570; x_wconf 82' lang='grc' dir='ltr'><strong><em>ὐξότερον</em></strong></span> <span class='ocrx_word' id='word_1_199' title='bbox 1178 2483 1250 2560; x_wconf 87' lang='grc' dir='ltr'><strong><em>τούς</em></strong></span> <span class='ocrx_word' id='word_1_200' title='bbox 1265 2489 1321 2550; x_wconf 79' lang='lat' dir='ltr'><strong>‘tn-</strong></span> 
     </span>
     <span class='ocr_line' id='line_1_23' title="bbox 231 2579 1321 2674; baseline 0.004 -24"><span class='ocrx_word' id='word_1_201' title='bbox 231 2608 310 2658; x_wconf 89' lang='grc' dir='ltr'><strong><em>πους</em></strong></span> <span class='ocrx_word' id='word_1_202' title='bbox 325 2579 501 2658; x_wconf 76' lang='grc' dir='ltr'><strong><em>ἐλαύνοντες</em></strong></span> <span class='ocrx_word' id='word_1_203' title='bbox 513 2583 590 2670; x_wconf 84' lang='grc' dir='ltr'><strong><em>πρὸς</em></strong></span> <span class='ocrx_word' id='word_1_204' title='bbox 607 2586 724 2664; x_wconf 79' lang='grc' dir='ltr'><strong><em>δίωξιν,</em></strong></span> <span class='ocrx_word' id='word_1_205' title='bbox 752 2581 882 2658; x_wconf 79' lang='grc' dir='ltr'><strong><em>ἀτόνους</em></strong></span> <span class='ocrx_word' id='word_1_206' title='bbox 893 2585 944 2648; x_wconf 83' lang='grc' dir='ltr'><strong><em>καὶ</em></strong></span> <span class='ocrx_word' id='word_1_207' title='bbox 958 2589 1218 2669; x_wconf 83' lang='grc' dir='ltr'><strong><em>λειποψυχοῦντας</em></strong></span> <span class='ocrx_word' id='word_1_208' title='bbox 1230 2583 1321 2674; x_wconf 80' lang='grc' dir='ltr'><strong><em>ἐργό-</em></strong></span> 
     </span>
     <span class='ocr_line' id='line_1_24' title="bbox 231 2681 1322 2772; baseline 0.005 -20"><span class='ocrx_word' id='word_1_209' title='bbox 231 2708 355 2752; x_wconf 86' lang='grc' dir='ltr'><strong><em>σιονται.</em></strong></span> <span class='ocrx_word' id='word_1_210' title='bbox 390 2681 564 2768; x_wconf 78' lang='grc' dir='ltr'><strong><em>ἐγγιζόντων</em></strong></span> <span class='ocrx_word' id='word_1_211' title='bbox 578 2687 611 2750; x_wconf 84' lang='grc' dir='ltr'><strong><em>δέ</em></strong></span> <span class='ocrx_word' id='word_1_212' title='bbox 624 2692 668 2772; x_wconf 79' lang='grc' dir='ltr'><strong>τῷ</strong></span> <span class='ocrx_word' id='word_1_213' title='bbox 685 2683 871 2772; x_wconf 78' lang='grc' dir='ltr'><strong><em>ἐγνρύμματι</em></strong></span> <span class='ocrx_word' id='word_1_214' title='bbox 886 2691 948 2750; x_wconf 79' lang='grc' dir='ltr'><strong>τῶν</strong></span> <span class='ocrx_word' id='word_1_215' title='bbox 965 2689 1155 2770; x_wconf 86' lang='grc' dir='ltr'><strong><em>διωκομένων</em></strong></span> <span class='ocrx_word' id='word_1_216' title='bbox 1170 2695 1227 2756; x_wconf 84' lang='grc' dir='ltr'><strong><em>τοῦ</em></strong></span> <span class='ocrx_word' id='word_1_217' title='bbox 1243 2696 1322 2756; x_wconf 82' lang='grc' dir='ltr'><strong>λαοῦ</strong></span> 
     </span>
     <span class='ocr_line' id='line_1_25' title="bbox 230 2784 1322 2878; baseline 0.005 -26"><span class='ocrx_word' id='word_1_218' title='bbox 230 2785 336 2870; x_wconf 77' lang='grc' dir='ltr'><strong><em>ἡμῶν,</em></strong></span> <span class='ocrx_word' id='word_1_219' title='bbox 365 2784 422 2851; x_wconf 79' lang='grc' dir='ltr'><strong><em>εἷ’τε</em></strong></span> <span class='ocrx_word' id='word_1_220' title='bbox 439 2789 522 2877; x_wconf 74' lang='grc' dir='ltr'><strong><em>δεξιᾷ</em></strong></span> <span class='ocrx_word' id='word_1_221' title='bbox 535 2787 592 2852; x_wconf 74' lang='grc' dir='ltr'><strong><em>εἴτε</em></strong></span> <span class='ocrx_word' id='word_1_222' title='bbox 608 2784 748 2869; x_wconf 77' lang='grc' dir='ltr'><strong><em>εὐώνυμα</em></strong></span> <span class='ocrx_word' id='word_1_223' title='bbox 767 2788 990 2854; x_wconf 69' lang='grc' dir='ltr'><strong><em>διελθέτωσαν·</em></strong></span> <span class='ocrx_word' id='word_1_224' title='bbox 1006 2791 1059 2854; x_wconf 75' lang='grc' dir='ltr'><strong>ἵνα</strong></span> <span class='ocrx_word' id='word_1_225' title='bbox 1074 2797 1129 2855; x_wconf 81' lang='grc' dir='ltr'><strong>τοῦ</strong></span> <span class='ocrx_word' id='word_1_226' title='bbox 1148 2788 1322 2878; x_wconf 83' lang='grc' dir='ltr'><strong><em>ἐγκρύμμα-</em></strong></span> 
     </span>
     <span class='ocr_line' id='line_1_26' title="bbox 207 2887 1371 2980; baseline 0.005 -25"><span class='ocrx_word' id='word_1_227' title='bbox 207 2901 290 2965; x_wconf 79' lang='grc' dir='ltr'><strong><em>Οτος</em></strong></span> <span class='ocrx_word' id='word_1_228' title='bbox 305 2888 499 2975; x_wconf 80' lang='grc' dir='ltr'><strong><em>ἐξερχομένων</em></strong></span> <span class='ocrx_word' id='word_1_229' title='bbox 513 2889 651 2974; x_wconf 80' lang='grc' dir='ltr'><strong><em>μὴκατὰ</em></strong></span> <span class='ocrx_word' id='word_1_230' title='bbox 666 2887 761 2958; x_wconf 87' lang='grc' dir='ltr'><strong><em>τόπον</em></strong></span> <span class='ocrx_word' id='word_1_231' title='bbox 778 2889 882 2967; x_wconf 84' lang='grc' dir='ltr'><strong><em>αὐτοῖς</em></strong></span> <span class='ocrx_word' id='word_1_232' title='bbox 901 2888 1112 2977; x_wconf 78' lang='grc' dir='ltr'><strong><em>συναντήσασι</em></strong></span> <span class='ocrx_word' id='word_1_233' title='bbox 1120 2941 1131 2974; x_wconf 97' lang='grc'><strong><em>,</em></strong></span> <span class='ocrx_word' id='word_1_234' title='bbox 1159 2896 1211 2960; x_wconf 78' lang='grc' dir='ltr'><strong><em>καὶ</em></strong></span> <span class='ocrx_word' id='word_1_235' title='bbox 1225 2892 1371 2980; x_wconf 54' lang='grc' dir='ltr'><strong><em>ἄλλόν-35</em></strong></span> 
     </span>
    </p>
   </div>
   <div class='ocr_carea' id='block_1_3' title="bbox 231 3083 1326 4045">
    <p class='ocr_par' dir='ltr' id='par_1_3' title="bbox 231 3083 1326 4045">
     <span class='ocr_line' id='line_1_27' title="bbox 232 3083 1324 3206; baseline 0.004 -68"><span class='ocrx_word' id='word_1_236' title='bbox 232 3085 334 3206; x_wconf 55' lang='lat' dir='ltr'><strong>ffiqutes</strong></span> <span class='ocrx_word' id='word_1_237' title='bbox 353 3083 504 3140; x_wconf 70' lang='lat' dir='ltr'>advenerint</span> <span class='ocrx_word' id='word_1_238' title='bbox 519 3087 596 3156; x_wconf 85' lang='lat' dir='ltr'><strong>etque</strong></span> <span class='ocrx_word' id='word_1_239' title='bbox 607 3087 779 3158; x_wconf 71' lang='lat' dir='ltr'><strong>praetervecti</strong></span> <span class='ocrx_word' id='word_1_240' title='bbox 795 3087 857 3142; x_wconf 89' lang='lat' dir='ltr'><strong>sint.</strong></span> <span class='ocrx_word' id='word_1_241' title='bbox 891 3087 960 3144; x_wconf 82' lang='lat' dir='ltr'><strong>&#39;l&#39;um</strong></span> <span class='ocrx_word' id='word_1_242' title='bbox 978 3088 1053 3158; x_wconf 90' lang='lat' dir='ltr'><strong>ipse,</strong></span> <span class='ocrx_word' id='word_1_243' title='bbox 1069 3087 1097 3142; x_wconf 91' lang='lat' dir='ltr'><strong>in</strong></span> <span class='ocrx_word' id='word_1_244' title='bbox 1111 3086 1197 3140; x_wconf 76' lang='lat' dir='ltr'><strong>hostes</strong></span> <span class='ocrx_word' id='word_1_245' title='bbox 1211 3105 1243 3140; x_wconf 89' lang='lat' dir='ltr'><strong>ex</strong></span> <span class='ocrx_word' id='word_1_246' title='bbox 1255 3086 1324 3142; x_wconf 87' lang='lat' dir='ltr'><strong>insi·</strong></span> 
     </span>
     <span class='ocr_line' id='line_1_28' title="bbox 252 3153 1323 3225; baseline 0.005 -20"><span class='ocrx_word' id='word_1_247' title='bbox 252 3153 268 3168; x_wconf 78' lang='lat'><strong>&#39;⁸</strong></span> <span class='ocrx_word' id='word_1_248' title='bbox 296 3171 466 3223; x_wconf 81' lang='lat' dir='ltr'><strong>consurgens,</strong></span> <span class='ocrx_word' id='word_1_249' title='bbox 483 3173 538 3208; x_wconf 85' lang='lat' dir='ltr'><strong>eum</strong></span> <span class='ocrx_word' id='word_1_250' title='bbox 551 3171 597 3209; x_wconf 86' lang='lat' dir='ltr'><strong>sue</strong></span> <span class='ocrx_word' id='word_1_251' title='bbox 608 3175 681 3212; x_wconf 80' lang='lat' dir='ltr'><strong>manu</strong></span> <span class='ocrx_word' id='word_1_252' title='bbox 695 3159 771 3225; x_wconf 78' lang='lat' dir='ltr'><strong>signe</strong></span> <span class='ocrx_word' id='word_1_253' title='bbox 784 3158 876 3210; x_wconf 87' lang='lat' dir='ltr'><strong>cursim</strong></span> <span class='ocrx_word' id='word_1_254' title='bbox 888 3157 991 3223; x_wconf 81' lang='lat' dir='ltr'><strong>inferet,</strong></span> <span class='ocrx_word' id='word_1_255' title='bbox 1009 3167 1036 3212; x_wconf 90' lang='lat' dir='ltr'><strong>et</strong></span> <span class='ocrx_word' id='word_1_256' title='bbox 1048 3156 1145 3210; x_wconf 76' lang='lat' dir='ltr'><strong>Christi</strong></span> <span class='ocrx_word' id='word_1_257' title='bbox 1161 3155 1275 3224; x_wconf 85' lang='lat' dir='ltr'><strong>potentie</strong></span> <span class='ocrx_word' id='word_1_258' title='bbox 1289 3174 1323 3210; x_wconf 85' lang='lat' dir='ltr'><strong>ee</strong></span> 
     </span>
     <span class='ocr_line' id='line_1_29' title="bbox 233 3221 1325 3296; baseline 0.005 -22"><span class='ocrx_word' id='word_1_259' title='bbox 233 3221 318 3290; x_wconf 81' lang='lat' dir='ltr'><strong>gretie</strong></span> <span class='ocrx_word' id='word_1_260' title='bbox 335 3239 388 3275; x_wconf 87' lang='lat' dir='ltr'><strong>rem</strong></span> <span class='ocrx_word' id='word_1_261' title='bbox 406 3223 472 3276; x_wconf 88' lang='lat' dir='ltr'><strong>bene</strong></span> <span class='ocrx_word' id='word_1_262' title='bbox 506 3229 570 3278; x_wconf 87' lang='lat' dir='ltr'><strong>eret.</strong></span> <span class='ocrx_word' id='word_1_263' title='bbox 602 3224 706 3280; x_wconf 81' lang='lat' dir='ltr'><strong>Etenim</strong></span> <span class='ocrx_word' id='word_1_264' title='bbox 724 3242 779 3278; x_wconf 86' lang='lat' dir='ltr'><strong>oum</strong></span> <span class='ocrx_word' id='word_1_265' title='bbox 792 3226 907 3296; x_wconf 78' lang='lat' dir='ltr'><strong>captivos</strong></span> <span class='ocrx_word' id='word_1_266' title='bbox 925 3227 1019 3290; x_wconf 80' lang='lat' dir='ltr'><strong>faciet,</strong></span> <span class='ocrx_word' id='word_1_267' title='bbox 1036 3233 1089 3278; x_wconf 88' lang='lat' dir='ltr'><strong>tum</strong></span> <span class='ocrx_word' id='word_1_268' title='bbox 1101 3225 1191 3278; x_wconf 89' lang='lat' dir='ltr'><strong>multos</strong></span> <span class='ocrx_word' id='word_1_269' title='bbox 1204 3224 1325 3279; x_wconf 84' lang='lat' dir='ltr'><strong>concidet</strong></span> 
     </span>
     <span class='ocr_line' id='line_1_30' title="bbox 233 3291 1326 3364; baseline 0.005 -22"><span class='ocrx_word' id='word_1_270' title='bbox 233 3299 262 3343; x_wconf 90' lang='lat' dir='ltr'><strong>et</strong></span> <span class='ocrx_word' id='word_1_271' title='bbox 275 3291 426 3344; x_wconf 74' lang='lat' dir='ltr'><strong>vulnerabit.</strong></span> <span class='ocrx_word' id='word_1_272' title='bbox 461 3295 482 3346; x_wconf 87' lang='grc' dir='ltr'><strong>Α</strong></span> <span class='ocrx_word' id='word_1_273' title='bbox 514 3293 631 3345; x_wconf 88' lang='lat' dir='ltr'><strong>uentibus</strong></span> <span class='ocrx_word' id='word_1_274' title='bbox 641 3307 726 3348; x_wconf 82' lang='lat' dir='ltr'><strong>temen</strong></span> <span class='ocrx_word' id='word_1_275' title='bbox 741 3293 821 3363; x_wconf 78' lang='lat' dir='ltr'><strong>mugio</strong></span> <span class='ocrx_word' id='word_1_276' title='bbox 835 3295 965 3364; x_wconf 49' lang='lat' dir='ltr'><strong>numisque</strong></span> <span class='ocrx_word' id='word_1_277' title='bbox 980 3293 1105 3356; x_wconf 78' lang='lat' dir='ltr'><strong>hostibus,</strong></span> <span class='ocrx_word' id='word_1_278' title='bbox 1120 3299 1244 3361; x_wconf 63' lang='lat' dir='ltr'><strong>suumque</strong></span> <span class='ocrx_word' id='word_1_279' title='bbox 1258 3295 1326 3348; x_wconf 83' lang='lat' dir='ltr'><strong>inul-</strong></span> 
     </span>
     <span class='ocr_line' id='line_1_31' title="bbox 233 3357 1326 3432; baseline 0.006 -23"><span class='ocrx_word' id='word_1_280' title='bbox 233 3357 343 3411; x_wconf 88' lang='lat' dir='ltr'><strong>titudine</strong></span> <span class='ocrx_word' id='word_1_281' title='bbox 357 3361 452 3412; x_wconf 79' lang='lat' dir='ltr'><strong>acriter</strong></span> <span class='ocrx_word' id='word_1_282' title='bbox 461 3361 630 3426; x_wconf 76' lang='lat' dir='ltr'><strong>instantibus,</strong></span> <span class='ocrx_word' id='word_1_283' title='bbox 647 3363 763 3432; x_wconf 78' lang='lat' dir='ltr'><strong>captivos</strong></span> <span class='ocrx_word' id='word_1_284' title='bbox 773 3363 822 3416; x_wconf 84' lang='lat' dir='ltr'><strong>ism</strong></span> <span class='ocrx_word' id='word_1_285' title='bbox 835 3365 932 3424; x_wconf 87' lang='lat' dir='ltr'><strong>lectos,</strong></span> <span class='ocrx_word' id='word_1_286' title='bbox 950 3378 1078 3429; x_wconf 77' lang='lat' dir='ltr'><strong>equosque</strong></span> <span class='ocrx_word' id='word_1_287' title='bbox 1091 3378 1176 3414; x_wconf 86' lang='lat' dir='ltr'><strong>eorum</strong></span> <span class='ocrx_word' id='word_1_288' title='bbox 1188 3368 1265 3428; x_wconf 82' lang='lat' dir='ltr'><strong>etque</strong></span> <span class='ocrx_word' id='word_1_289' title='bbox 1280 3380 1326 3416; x_wconf 84' lang='lat' dir='ltr'><strong>er-</strong></span> 
     </span>
     <span class='ocr_line' id='line_1_32' title="bbox 233 3427 1325 3498; baseline 0.006 -20"><span class='ocrx_word' id='word_1_290' title='bbox 233 3441 274 3478; x_wconf 84' lang='lat' dir='ltr'><strong>ma</strong></span> <span class='ocrx_word' id='word_1_291' title='bbox 293 3427 424 3491; x_wconf 82' lang='lat' dir='ltr'><strong>remittet,</strong></span> <span class='ocrx_word' id='word_1_292' title='bbox 443 3435 473 3480; x_wconf 90' lang='lat' dir='ltr'><strong>ut</strong></span> <span class='ocrx_word' id='word_1_293' title='bbox 493 3429 652 3482; x_wconf 87' lang='lat' dir='ltr'><strong>deducentur</strong></span> <span class='ocrx_word' id='word_1_294' title='bbox 670 3430 794 3483; x_wconf 85' lang='lat' dir='ltr'><strong>inlocum</strong></span> <span class='ocrx_word' id='word_1_295' title='bbox 815 3430 859 3484; x_wconf 88' lang='lat' dir='ltr'><strong>ubi</strong></span> <span class='ocrx_word' id='word_1_296' title='bbox 871 3431 923 3482; x_wconf 84' lang='lat' dir='ltr'><strong>dux</strong></span> <span class='ocrx_word' id='word_1_297' title='bbox 937 3427 1099 3482; x_wconf 80' lang='lat' dir='ltr'><strong>subsidietur.</strong></span> <span class='ocrx_word' id='word_1_298' title='bbox 1133 3427 1192 3498; x_wconf 85' lang='lat' dir='ltr'><strong>lpse</strong></span> <span class='ocrx_word' id='word_1_299' title='bbox 1207 3447 1263 3482; x_wconf 88' lang='lat' dir='ltr'><strong>cum</strong></span> <span class='ocrx_word' id='word_1_300' title='bbox 1277 3448 1325 3486; x_wconf 84' lang='lat' dir='ltr'><strong>sue</strong></span> 
     </span>
     <span class='ocr_line' id='line_1_33' title="bbox 233 3495 1325 3566; baseline 0.007 -22"><span class='ocrx_word' id='word_1_301' title='bbox 233 3508 309 3544; x_wconf 86' lang='lat' dir='ltr'><strong>menn</strong></span> <span class='ocrx_word' id='word_1_302' title='bbox 330 3495 440 3546; x_wconf 86' lang='lat' dir='ltr'><strong>servetis</strong></span> <span class='ocrx_word' id='word_1_303' title='bbox 459 3496 591 3550; x_wconf 88' lang='lat' dir='ltr'><strong>ordinibus</strong></span> <span class='ocrx_word' id='word_1_304' title='bbox 611 3501 730 3562; x_wconf 83' lang='lat' dir='ltr'><strong>recedat,</strong></span> <span class='ocrx_word' id='word_1_305' title='bbox 746 3501 834 3552; x_wconf 82' lang='lat' dir='ltr'><strong>hostes</strong></span> <span class='ocrx_word' id='word_1_306' title='bbox 852 3499 886 3550; x_wconf 86' lang='lat' dir='ltr'><strong>ed</strong></span> <span class='ocrx_word' id='word_1_307' title='bbox 905 3495 1105 3566; x_wconf 85' lang='lat' dir='ltr'><strong>persequendum</strong></span> <span class='ocrx_word' id='word_1_308' title='bbox 1125 3496 1229 3550; x_wconf 72' lang='lat' dir='ltr'><strong>irritans</strong></span> <span class='ocrx_word' id='word_1_309' title='bbox 1244 3506 1272 3550; x_wconf 88' lang='lat' dir='ltr'><strong>st</strong></span> <span class='ocrx_word' id='word_1_310' title='bbox 1290 3517 1325 3552; x_wconf 89' lang='lat' dir='ltr'><strong>ue</strong></span> 
     </span>
     <span class='ocr_line' id='line_1_34' title="bbox 231 3518 1324 3641; baseline 0.009 -31"><span class='ocrx_word' id='word_1_311' title='bbox 231 3559 407 3641; x_wconf 68' lang='lat' dir='ltr'><strong>intelligenter</strong></span> <span class='ocrx_word' id='word_1_312' title='bbox 427 3563 554 3619; x_wconf 78' lang='lat' dir='ltr'><strong>alliciens:</strong></span> <span class='ocrx_word' id='word_1_313' title='bbox 572 3583 655 3636; x_wconf 84' lang='lat' dir='ltr'><strong>neque</strong></span> <span class='ocrx_word' id='word_1_314' title='bbox 671 3567 803 3637; x_wconf 81' lang='lat' dir='ltr'><strong>quisquam</strong></span> <span class='ocrx_word' id='word_1_315' title='bbox 826 3585 857 3618; x_wconf 89' lang='lat' dir='ltr'><strong>ex</strong></span> <span class='ocrx_word' id='word_1_316' title='bbox 871 3567 925 3620; x_wconf 87' lang='lat' dir='ltr'><strong>eius</strong></span> <span class='ocrx_word' id='word_1_317' title='bbox 939 3572 1023 3618; x_wconf 86' lang='lat' dir='ltr'><strong>turme</strong></span> <span class='ocrx_word' id='word_1_318' title='bbox 1040 3565 1121 3630; x_wconf 87' lang='lat' dir='ltr'><strong>sciet,</strong></span> <span class='ocrx_word' id='word_1_319' title='bbox 1139 3567 1231 3634; x_wconf 89' lang='lat' dir='ltr'><strong>quibus</strong></span> <span class='ocrx_word' id='word_1_320' title='bbox 1245 3518 1324 3620; x_wconf 75' lang='lat' dir='ltr'><strong>inlo-</strong></span> 
     </span>
     <span class='ocr_line' id='line_1_35' title="bbox 234 3628 1324 3704; baseline 0.008 -24"><span class='ocrx_word' id='word_1_321' title='bbox 234 3645 272 3680; x_wconf 80' lang='lat' dir='ltr'><strong>ens</strong></span> <span class='ocrx_word' id='word_1_322' title='bbox 282 3628 389 3681; x_wconf 77' lang='lat' dir='ltr'><strong>nundine</strong></span> <span class='ocrx_word' id='word_1_323' title='bbox 401 3648 457 3684; x_wconf 87' lang='lat' dir='ltr'><strong>cum</strong></span> <span class='ocrx_word' id='word_1_324' title='bbox 474 3633 539 3686; x_wconf 88' lang='lat' dir='ltr'><strong>duce</strong></span> <span class='ocrx_word' id='word_1_325' title='bbox 549 3633 661 3697; x_wconf 77' lang='lat' dir='ltr'><strong>lateant,</strong></span> <span class='ocrx_word' id='word_1_326' title='bbox 679 3643 783 3704; x_wconf 78' lang='lat' dir='ltr'><strong>praeter</strong></span> <span class='ocrx_word' id='word_1_327' title='bbox 796 3637 876 3704; x_wconf 84' lang='lat' dir='ltr'><strong>ipsum</strong></span> <span class='ocrx_word' id='word_1_328' title='bbox 888 3633 1053 3702; x_wconf 83' lang='lat' dir='ltr'><strong>preelectum.</strong></span> <span class='ocrx_word' id='word_1_329' title='bbox 1088 3635 1212 3689; x_wconf 87' lang='lat' dir='ltr'><strong>Hostibus</strong></span> <span class='ocrx_word' id='word_1_330' title='bbox 1223 3636 1324 3689; x_wconf 87' lang='lat' dir='ltr'><strong>incum-</strong></span> 
     </span>
     <span class='ocr_line' id='line_1_36' title="bbox 233 3694 1325 3786; baseline 0.009 -39"><span class='ocrx_word' id='word_1_331' title='bbox 233 3694 352 3748; x_wconf 84' lang='lat' dir='ltr'><strong>bentibus</strong></span> <span class='ocrx_word' id='word_1_332' title='bbox 368 3697 394 3750; x_wconf 92' lang='lat' dir='ltr'><strong>ei</strong></span> <span class='ocrx_word' id='word_1_333' title='bbox 412 3716 503 3768; x_wconf 72' lang='lat' dir='ltr'><strong>magno</strong></span> <span class='ocrx_word' id='word_1_334' title='bbox 521 3717 638 3764; x_wconf 86' lang='lat' dir='ltr'><strong>numero,</strong></span> <span class='ocrx_word' id='word_1_335' title='bbox 655 3703 746 3772; x_wconf 79' lang='lat' dir='ltr'><strong>tepide</strong></span> <span class='ocrx_word' id='word_1_336' title='bbox 765 3721 797 3755; x_wconf 88' lang='lat' dir='ltr'><strong>ue</strong></span> <span class='ocrx_word' id='word_1_337' title='bbox 815 3701 1023 3772; x_wconf 82' lang='lat' dir='ltr'><strong>insequentibus,</strong></span> <span class='ocrx_word' id='word_1_338' title='bbox 1040 3709 1165 3786; x_wconf 84' lang='lat' dir='ltr'><strong>quotquot</strong></span> <span class='ocrx_word' id='word_1_339' title='bbox 1184 3703 1282 3757; x_wconf 85' lang='lat' dir='ltr'><strong>strenui</strong></span> <span class='ocrx_word' id='word_1_340' title='bbox 1296 3711 1325 3758; x_wconf 90' lang='lat' dir='ltr'><strong>et</strong></span> 
     </span>
     <span class='ocr_line' id='line_1_37' title="bbox 233 3763 1325 3842; baseline 0.008 -26"><span class='ocrx_word' id='word_1_341' title='bbox 233 3763 316 3816; x_wconf 82' lang='lat' dir='ltr'><strong>tontes</strong></span> <span class='ocrx_word' id='word_1_342' title='bbox 334 3772 409 3829; x_wconf 90' lang='lat' dir='ltr'><strong>sunt,</strong></span> <span class='ocrx_word' id='word_1_343' title='bbox 426 3773 453 3820; x_wconf 89' lang='lat' dir='ltr'><strong>et</strong></span> <span class='ocrx_word' id='word_1_344' title='bbox 477 3767 549 3837; x_wconf 88' lang='lat' dir='ltr'><strong>equis</strong></span> <span class='ocrx_word' id='word_1_345' title='bbox 569 3769 712 3824; x_wconf 76' lang='lat' dir='ltr'><strong>valentibus</strong></span> <span class='ocrx_word' id='word_1_346' title='bbox 727 3789 760 3823; x_wconf 87' lang='lat' dir='ltr'><strong>ve</strong></span> <span class='ocrx_word' id='word_1_347' title='bbox 777 3779 866 3834; x_wconf 85' lang='lat' dir='ltr'><strong>untur,</strong></span> <span class='ocrx_word' id='word_1_348' title='bbox 883 3788 913 3824; x_wconf 92' lang='lat' dir='ltr'><strong>se</strong></span> <span class='ocrx_word' id='word_1_349' title='bbox 935 3776 1093 3835; x_wconf 85' lang='lat' dir='ltr'><strong>convertunt,</strong></span> <span class='ocrx_word' id='word_1_350' title='bbox 1110 3779 1325 3842; x_wconf 75' lang='lat' dir='ltr'><strong>insequentesque</strong></span> 
     </span>
     <span class='ocr_line' id='line_1_38' title="bbox 233 3831 1326 3921; baseline 0.007 -35"><span class='ocrx_word' id='word_1_351' title='bbox 233 3831 343 3886; x_wconf 76' lang='lat' dir='ltr'><strong>feriente</strong></span> <span class='ocrx_word' id='word_1_352' title='bbox 360 3850 411 3902; x_wconf 89' lang='lat' dir='ltr'><strong>quo</strong></span> <span class='ocrx_word' id='word_1_353' title='bbox 432 3842 460 3888; x_wconf 90' lang='lat' dir='ltr'><strong>et</strong></span> <span class='ocrx_word' id='word_1_354' title='bbox 473 3853 532 3889; x_wconf 90' lang='lat' dir='ltr'><strong>suos</strong></span> <span class='ocrx_word' id='word_1_355' title='bbox 543 3837 643 3890; x_wconf 78' lang='lat' dir='ltr'><strong>saucios</strong></span> <span class='ocrx_word' id='word_1_356' title='bbox 657 3845 821 3902; x_wconf 86' lang='lat' dir='ltr'><strong>conservent,</strong></span> <span class='ocrx_word' id='word_1_357' title='bbox 838 3845 867 3891; x_wconf 94' lang='lat' dir='ltr'><strong>et</strong></span> <span class='ocrx_word' id='word_1_358' title='bbox 884 3839 906 3891; x_wconf 90' lang='lat' dir='ltr'><strong>si</strong></span> <span class='ocrx_word' id='word_1_359' title='bbox 920 3856 1027 3921; x_wconf 88' lang='lat' dir='ltr'><strong>quorum</strong></span> <span class='ocrx_word' id='word_1_360' title='bbox 1041 3839 1152 3893; x_wconf 81' lang='lat' dir='ltr'><strong>inruente</strong></span> <span class='ocrx_word' id='word_1_361' title='bbox 1166 3849 1211 3894; x_wconf 88' lang='lat' dir='ltr'><strong>eut</strong></span> <span class='ocrx_word' id='word_1_362' title='bbox 1221 3840 1326 3894; x_wconf 82' lang='lat' dir='ltr'><strong>delesse</strong></span> 
     </span>
     <span class='ocr_line' id='line_1_39' title="bbox 233 3901 1326 3977; baseline 0.007 -23"><span class='ocrx_word' id='word_1_363' title='bbox 233 3907 281 3954; x_wconf 78' lang='lat' dir='ltr'><strong>eut</strong></span> <span class='ocrx_word' id='word_1_364' title='bbox 292 3901 426 3954; x_wconf 79' lang='lat' dir='ltr'><strong>vulnerate</strong></span> <span class='ocrx_word' id='word_1_365' title='bbox 436 3903 497 3968; x_wconf 85' lang='lat' dir='ltr'><strong>sint,</strong></span> <span class='ocrx_word' id='word_1_366' title='bbox 509 3906 550 3957; x_wconf 87' lang='lat' dir='ltr'><strong>his</strong></span> <span class='ocrx_word' id='word_1_367' title='bbox 561 3906 710 3960; x_wconf 73' lang='lat' dir='ltr'><strong>tenultatem</strong></span> <span class='ocrx_word' id='word_1_368' title='bbox 724 3906 890 3977; x_wconf 87' lang='lat' dir='ltr'><strong>suppeditent</strong></span> <span class='ocrx_word' id='word_1_369' title='bbox 901 3907 953 3960; x_wconf 78' lang='lat' dir='ltr'><strong>elne</strong></span> <span class='ocrx_word' id='word_1_370' title='bbox 965 3909 1158 3962; x_wconf 84' lang='lat' dir='ltr'><strong>conscendendi.</strong></span> <span class='ocrx_word' id='word_1_371' title='bbox 1177 3909 1270 3964; x_wconf 77' lang='lat' dir='ltr'><strong>Postea</strong></span> <span class='ocrx_word' id='word_1_372' title='bbox 1281 3927 1326 3962; x_wconf 87' lang='lat' dir='ltr'><strong>re-</strong></span> 
     </span>
     <span class='ocr_line' id='line_1_40' title="bbox 234 3967 1326 4045; baseline 0.008 -24"><span class='ocrx_word' id='word_1_373' title='bbox 234 3967 317 4022; x_wconf 84' lang='lat' dir='ltr'><strong>missis</strong></span> <span class='ocrx_word' id='word_1_374' title='bbox 332 3968 438 4024; x_wconf 73' lang='lat' dir='ltr'><strong>habenis</strong></span> <span class='ocrx_word' id='word_1_375' title='bbox 455 3989 471 4026; x_wconf 83' lang='lat' dir='ltr'><strong>s</strong></span> <span class='ocrx_word' id='word_1_376' title='bbox 488 3975 699 4044; x_wconf 84' lang='lat' dir='ltr'><strong>persequentibus</strong></span> <span class='ocrx_word' id='word_1_377' title='bbox 717 3975 902 4045; x_wconf 76' lang='lat' dir='ltr'><strong>aliquantulum</strong></span> <span class='ocrx_word' id='word_1_378' title='bbox 920 3977 1012 4029; x_wconf 86' lang='lat' dir='ltr'><strong>cursim</strong></span> <span class='ocrx_word' id='word_1_379' title='bbox 1031 3995 1061 4030; x_wconf 86' lang='lat' dir='ltr'><strong>se</strong></span> <span class='ocrx_word' id='word_1_380' title='bbox 1074 3983 1234 4031; x_wconf 76' lang='lat' dir='ltr'><strong>removeant:</strong></span> <span class='ocrx_word' id='word_1_381' title='bbox 1252 3984 1326 4030; x_wconf 89' lang='lat' dir='ltr'><strong>utet</strong></span> 
     </span>
    </p>
   </div>
   <div class='ocr_carea' id='block_1_4' title="bbox 233 4035 1325 4167">
    <p class='ocr_par' dir='ltr' id='par_1_4' title="bbox 233 4035 1325 4167">
     <span class='ocr_line' id='line_1_41' title="bbox 233 4035 1325 4167; baseline 0.008 -77"><span class='ocrx_word' id='word_1_382' title='bbox 233 4035 393 4092; x_wconf 84' lang='lat' dir='ltr'><strong>incumbente</strong></span> <span class='ocrx_word' id='word_1_383' title='bbox 414 4039 463 4093; x_wconf 87' lang='lat' dir='ltr'><strong>sibi</strong></span> <span class='ocrx_word' id='word_1_384' title='bbox 476 4041 586 4096; x_wconf 81' lang='lat' dir='ltr'><strong>hostium</strong></span> <span class='ocrx_word' id='word_1_385' title='bbox 602 4043 631 4096; x_wconf 87' lang='lat' dir='ltr'><strong>vi</strong></span> <span class='ocrx_word' id='word_1_386' title='bbox 650 4043 753 4114; x_wconf 87' lang='lat' dir='ltr'><strong>pentum</strong></span> <span class='ocrx_word' id='word_1_387' title='bbox 767 4045 898 4108; x_wconf 84' lang='lat' dir='ltr'><strong>leventur,</strong></span> <span class='ocrx_word' id='word_1_388' title='bbox 915 4052 942 4098; x_wconf 88' lang='lat' dir='ltr'><strong>et</strong></span> <span class='ocrx_word' id='word_1_389' title='bbox 959 4043 998 4098; x_wconf 90' lang='lat' dir='ltr'><strong>illi</strong></span> <span class='ocrx_word' id='word_1_390' title='bbox 1011 4063 1100 4114; x_wconf 90' lang='lat' dir='ltr'><strong>equos,</strong></span> <span class='ocrx_word' id='word_1_391' title='bbox 1120 4045 1153 4098; x_wconf 83' lang='lat' dir='ltr'><strong>sd</strong></span> <span class='ocrx_word' id='word_1_392' title='bbox 1166 4063 1325 4167; x_wconf 57' lang='lat' dir='ltr'><strong>qqrsequen-</strong></span> 
     </span>
    </p>
   </div>
   <div class='ocr_carea' id='block_1_5' title="bbox 221 4104 1327 4323">
    <p class='ocr_par' dir='ltr' id='par_1_5' title="bbox 221 4104 1327 4323">
     <span class='ocr_line' id='line_1_42' title="bbox 233 4104 1326 4177; baseline 0.009 -19"><span class='ocrx_word' id='word_1_393' title='bbox 233 4104 294 4159; x_wconf 87' lang='lat' dir='ltr'><strong>dum</strong></span> <span class='ocrx_word' id='word_1_394' title='bbox 310 4105 461 4163; x_wconf 62' lang='lat' dir='ltr'><strong>inlinentes</strong></span> <span class='ocrx_word' id='word_1_395' title='bbox 480 4109 618 4177; x_wconf 79' lang='grc' dir='ltr'><strong><em>εδυιίεεοι,</em></strong></span> <span class='ocrx_word' id='word_1_396' title='bbox 634 4113 784 4166; x_wconf 73' lang='lat' dir='ltr'><strong>lassitudine</strong></span> <span class='ocrx_word' id='word_1_397' title='bbox 796 4113 932 4168; x_wconf 81' lang='lat' dir='ltr'><strong>conficient</strong></span> <span class='ocrx_word' id='word_1_398' title='bbox 948 4120 976 4167; x_wconf 88' lang='lat' dir='ltr'><strong>et</strong></span> <span class='ocrx_word' id='word_1_399' title='bbox 988 4115 1138 4167; x_wconf 72' lang='lat' dir='ltr'><strong>examinent„</strong></span> <span class='ocrx_word' id='word_1_400' title='bbox 1202 4123 1266 4168; x_wconf 85' lang='lat' dir='ltr'><strong>ostn</strong></span> <span class='ocrx_word' id='word_1_401' title='bbox 1281 4115 1326 4168; x_wconf 83' lang='lat' dir='ltr'><strong>tu-</strong></span> 
     </span>
     <span class='ocr_line' id='line_1_43' title="bbox 234 4173 1327 4255; baseline 0.01 -28"><span class='ocrx_word' id='word_1_402' title='bbox 234 4173 335 4242; x_wconf 68' lang='lat' dir='ltr'><strong>glenus</strong></span> <span class='ocrx_word' id='word_1_403' title='bbox 352 4175 458 4230; x_wconf 84' lang='lat' dir='ltr'><strong>letibulo</strong></span> <span class='ocrx_word' id='word_1_404' title='bbox 478 4195 494 4232; x_wconf 87' lang='lat' dir='ltr'><strong>e</strong></span> <span class='ocrx_word' id='word_1_405' title='bbox 512 4180 711 4251; x_wconf 74' lang='lat' dir='ltr'><strong>propinquantes</strong></span> <span class='ocrx_word' id='word_1_406' title='bbox 728 4181 771 4235; x_wconf 83' lang='lat' dir='ltr'><strong>vel</strong></span> <span class='ocrx_word' id='word_1_407' title='bbox 787 4181 879 4236; x_wconf 82' lang='lat' dir='ltr'><strong>dextre</strong></span> <span class='ocrx_word' id='word_1_408' title='bbox 898 4182 941 4237; x_wconf 84' lang='lat' dir='ltr'><strong>vel</strong></span> <span class='ocrx_word' id='word_1_409' title='bbox 959 4181 1034 4235; x_wconf 82' lang='lat' dir='ltr'><strong>lsevs</strong></span> <span class='ocrx_word' id='word_1_410' title='bbox 1054 4189 1200 4236; x_wconf 72' lang='lat' dir='ltr'><strong>nauseant:</strong></span> <span class='ocrx_word' id='word_1_411' title='bbox 1216 4201 1249 4236; x_wconf 89' lang='lat' dir='ltr'><strong>ne</strong></span> <span class='ocrx_word' id='word_1_412' title='bbox 1263 4200 1327 4255; x_wconf 87' lang='lat' dir='ltr'><strong>pro-</strong></span> 
     </span>
     <span class='ocr_line' id='line_1_44' title="bbox 221 4195 1326 4323; baseline 0.005 -23"><span class='ocrx_word' id='word_1_413' title='bbox 221 4244 409 4313; x_wconf 59' lang='lat' dir='ltr'><strong>‘rumpentibus</strong></span> <span class='ocrx_word' id='word_1_414' title='bbox 420 4195 522 4304; x_wconf 75' lang='lat' dir='ltr'><strong>insiliis</strong></span> <span class='ocrx_word' id='word_1_415' title='bbox 532 4249 622 4306; x_wconf 81' lang='lat' dir='ltr'><strong>eodem</strong></span> <span class='ocrx_word' id='word_1_416' title='bbox 633 4250 690 4306; x_wconf 87' lang='lat' dir='ltr'><strong>looo</strong></span> <span class='ocrx_word' id='word_1_417' title='bbox 704 4259 847 4320; x_wconf 78' lang='lat' dir='ltr'><strong>ooouneut,</strong></span> <span class='ocrx_word' id='word_1_418' title='bbox 863 4249 964 4323; x_wconf 86' lang='lat' dir='ltr'><strong>sibique</strong></span> <span class='ocrx_word' id='word_1_419' title='bbox 974 4251 1042 4306; x_wconf 82' lang='lat' dir='ltr'><strong>iuter</strong></span> <span class='ocrx_word' id='word_1_420' title='bbox 1056 4269 1085 4305; x_wconf 89' lang='lat' dir='ltr'><strong>se</strong></span> <span class='ocrx_word' id='word_1_421' title='bbox 1096 4251 1180 4307; x_wconf 82' lang='lat' dir='ltr'><strong>freudi</strong></span> <span class='ocrx_word' id='word_1_422' title='bbox 1195 4251 1255 4306; x_wconf 85' lang='lat' dir='ltr'><strong>sint.</strong></span> <span class='ocrx_word' id='word_1_423' title='bbox 1289 4253 1326 4310; x_wconf 71' lang='lat' dir='ltr'><strong>At</strong></span> 
     </span>
    </p>
   </div>
   <div class='ocr_carea' id='block_1_6' title="bbox 0 0 1400 4620">
    <p class='ocr_par' dir='ltr' id='par_1_6' title="bbox 0 0 1400 4620">
     <span class='ocr_line' id='line_1_45' title="bbox 0 0 1400 4620; baseline 0 0"><span class='ocrx_word' id='word_1_424' title='bbox 0 0 1400 4620; x_wconf 95' lang='lat' dir='ltr'><strong> </strong></span> 
     </span>
    </p>
   </div>
  </div>
 </body>
</html>
