2802 4624
327 341 376 411 m
397 339 638 410 Turonosn
658 337 892 413 Acaossas
1095 325 1193 408 aaa

67 503 161 566 luisse
173 500 255 563 alind
269 500 442 582 poemation
457 501 494 560 ad
510 499 715 560 celebrandam
729 517 847 578 quoque
863 496 1024 580 Nicephori
1038 497 1075 560 de
1092 499 1172 560 Cha-

67 589 184 669 lepensi
210 589 334 648 SuItano
355 586 531 658 victoriam,
554 586 633 665 quod
651 605 739 665 supra
755 584 842 642 etiam
856 603 895 642 ex
909 585 972 646 eius
992 586 1118 668 epistola
1132 587 1171 648 ad

66 674 275 756 Nicephorum
295 675 328 733 iu
346 681 449 733 noatm
471 670 585 732 Monito
605 669 872 752 comprobavimus.

288 955 344 1022 IN
366 955 657 1024 SECUNDAM
681 955 954 1026 ACROASIM.

156 1095 241 1160 Vera·
257 1096 287 1162 4.
313 1095 373 1169 Εἰς
390 1098 502 1175 καῦμα]
524 1094 674 1154 Mensibus
693 1095 934 1182 serepctodecim
951 1095 983 1154 in
999 1067 1102 1154 Cretae
1115 1113 1169 1154 ex·
1188 1091 1247 1147 cot.
1265 1095 1280 1148 1

66 1183 253 1266 pugnatione
270 1189 432 1260 pugnatum
451 1200 512 1238 esse
531 1180 635 1239 scribit
647 1181 784 1240 Incertus
800 1181 999 1240 continuator
1012 1179 1191 1260 Theopha-.

66 1269 119 1328 riis
142 1269 174 1327 in
197 1269 281 1326 Rom.
299 1267 362 1326 Iun.
387 1273 469 1324 num.
493 1265 573 1324 XVI.
595 1285 661 1344 pag.
682 1269 755 1331 300.
785 1287 876 1344 quare
897 1275 927 1325 et
944 1267 1081 1326 ardentes
1102 1266 1175 1325 solis

68 1363 171 1414 aestua
188 1372 220 1411 ea
236 1352 270 1411 in
285 1350 474 1434 expeditione
492 1350 620 1410 Graecos
637 1349 747 1409 milites
766 1351 941 1412 sustinuisse
956 1362 1036 1412 recte
1052 1352 1174 1414 adnant

67 1437 266 1500 Theodosius.
446 1437 449 1443 ’

152 1529 180 1589 7.
202 1517 304 1597 Aetate
318 1515 351 1582 δὲ
365 1519 478 1602 καῦμα]
499 1517 560 1579 Hes
576 1519 653 1599 Imp.
669 1519 793 1580 Romani
810 1540 913 1598 curas,
937 1541 972 1580 ac
988 1519 1173 1580 sollicitudi-

67 1629 142 1685 nes,
172 1609 275 1679 nullus
299 1625 336 1666 ex
358 1606 570 1686 superstitibus
592 1605 752 1666 Historieis
776 1616 928 1665 memoret.
972 1606 1173 1680 Quamobrem

67 1696 109 1754 ad
124 1694 187 1754 eius
205 1691 432 1753 assentationem
448 1692 590 1750 confictas
605 1713 620 1749 a
635 1689 803 1750 Theodosio
825 1692 969 1768 arbitror,
993 1699 1029 1750 ut
1042 1691 1078 1749 ab
1092 1691 1171 1749 auli-

68 1781 112 1838 cis
128 1780 316 1860 potissimum
329 1777 527 1857 scriptoribus
543 1775 607 1836 lieri
623 1777 747 1853 essolet,
773 1778 881 1837 scimus
898 1778 985 1854 enim,
1002 1777 1168 1836 Romanum

65 1864 276 1944 voluptatibus
297 1863 400 1944 potius
423 1863 504 1922 domi
522 1863 679 1941 indulgere
699 1865 906 1940 consuevisse,
929 1863 1037 1944 quibus
1055 1863 1170 1924 fractus

65 1951 171 2032 paullo
186 1959 254 2030 post
269 1949 429 2007 contabuit.

124 2039 125 2044 ’
153 2040 203 2101 20.
236 2031 299 2114 Τὴν
321 2028 527 2110 arietillum]
557 2032 603 2090 Ita
624 2030 707 2092 hunc
727 2051 847 2091 versum
873 2031 1023 2091 adfidem
1049 2031 1169 2094 Codicis

65 2119 273 2193 restituimus,
294 2117 345 2195 qui
359 2116 391 2175 in
405 2117 537 2176 editione
553 2117 684 2176 Cornelii
697 2119 772 2177 male
783 2137 819 2196 ¹se
831 2116 957 2177 habebat
969 2117 1007 2176 ob
1021 2115 1170 2176 defectum

66 2203 258 2286 pronominis
275 2197 344 2281 σήν.

156 2292 206 2355 23.
226 2280 423 2366 Ἐζοιομένοο]
446 2286 503 2345 Pro
517 2285 608 2346 verbo
623 2284 682 2346 hoc
696 2285 853 2346 Cornelius
869 2305 885 2343 s
899 2283 1007 2344 Codice
1019 2283 1169 2362 aberrans,

67 2375 157 2434 nullo
170 2392 257 2432 sensu
272 2371 365 2430 edidit
380 2368 546 2451 ἐξεσμὲνου.
588 2371 738 2430 Nuncium
753 2370 922 2431 afferentem
936 2371 1092 2431 victoriam
1106 2371 1170 2430 no-

67 2481 159 2519 mano
182 2459 306 2517 missum
323 2455 397 2516 dicit
415 2462 504 2536 poeta
520 2455 555 2514 ab
576 2477 628 2532 eo,
652 2457 704 2536 qni
726 2457 757 2515 in
776 2457 821 2516 sui
835 2457 991 2516 servitiam
1007 2456 1171 2515 strinxerat

68 2545 218 2624 gladium,
240 2543 347 2623 quibus
361 2541 459 2601 verbis
474 2540 676 2622 Nicephorum
688 2531 836 2620 designat,
859 2543 911 2621 qui
925 2541 959 2600 in
971 2541 1096 2601 Romani
1113 2541 1171 2600 ob·

9 2657 15 2670 ·
69 2631 206 2708 sequium
228 2629 266 2687 ad
280 2628 393 2688 beIIum
407 2624 578 2687 hulusmodi
599 2627 752 2687 Saracenis
767 2627 957 2688 inferendum
973 2635 1168 2708 processerat.

72 2713 193 2794 [Verbis
210 2708 360 2794 μάχαιραν
378 2715 523 2786 δουλικῶς
535 2713 698 2795 &decepisses
714 2712 971 2773 circumscribitur
984 2713 1063 2792 dux,
1089 2731 1169 2789 ense,

70 2809 107 2859 ut
124 2799 276 2877 dignitatis
293 2800 395 2876 sIgno,
419 2799 553 2876 cinctus,
574 2799 663 2878 idque
682 2801 843 2877 δουλικῶς,
864 2809 898 2863 ut
912 2799 1048 2860 minister
1068 2794 1171 2880 Impa-

69 2886 198 2960 ratoria,
222 2884 274 2963 qui
295 2885 376 2943 solus
392 2893 436 2943 est
450 2882 598 2944 dominns.
627 2885 660 2946 1².
679 2885 710 2964 I.]

153 2974 205 3038 28.
229 2964 448 3053 Movoapinasv]
469 2969 536 3028 Hoc
555 2970 675 3029 nomine
691 2969 813 3050 propris
832 2969 990 3046 dicuntur,
1018 2966 1072 3046 qui
1091 2965 1172 3029 idem
1189 2963 1248 3022 cot
1265 2969 1300 3026 2‘

70 3055 149 3116 vitae
170 3055 341 3130 institutum
364 3064 530 3130 sectantur,
553 3075 622 3132 seu,
649 3056 700 3134 qui
723 3055 913 3115 concorditer
934 3053 1023 3112 sunu]
1043 3053 1167 3130 degunt,

71 3141 158 3200 utin
183 3140 289 3198 PsaIm.
310 3139 427 3200 LXVII.
447 3161 477 3201 v.
498 3145 528 3206 6.
569 3139 603 3202 ‘O
626 3137 702 3214 Θεὸς
718 3141 877 3214 κατοικίζει
899 3131 1168 3219 μονοτρόπους

72 3224 106 3288 ἕο
127 3225 218 3310 οἴκῳ,
241 3227 330 3283 Deus
349 3223 618 3303 inhabitaresaeit
640 3229 763 3297 unius
784 3227 906 3283 moris
928 3226 961 3282 in
976 3221 1075 3281 domo.
1108 3221 1168 3284 Sed

27 3312 30 3316 ’
72 3308 265 3388 Symmachus
285 3309 394 3369 vertit:
424 3311 562 3368 Domum
579 3311 703 3388 praebet
728 3313 786 3386 s's'e,
815 3313 872 3390 qui
890 3307 1027 3369 solitarie
1048 3311 1167 3370 vivunt.

1 3429 2 3432 =
71 3394 171 3472 Itaque
194 3395 317 3453 Ioannes
338 3395 459 3453 Tzetzes
488 3394 564 3454 Chii.
583 3395 635 3454 tx
660 3417 688 3458 v.
707 3399 778 3462 338.
801 3396 909 3476 aliique
930 3393 1080 3455 inferioris
1100 3393 1167 3455 aevi

1 3504 2 3508 ¹
73 3479 179 3537 Graeci
199 3479 366 3556 scriptores.
379 3499 412 3538 ea
433 3499 508 3539 voce
529 3481 567 3538 sd
582 3480 747 3540 ‘blonachos
766 3480 962 3558 designandos
984 3481 1102 3561 saepius
1119 3478 1167 3540 usi

1 3630 2 3634 ἵ
72 3565 150 3624 sunt.
195 3563 323 3642 CysiIIus
339 3563 604 3646 scythopolitanus
623 3566 656 3625 in
668 3566 735 3627 Vita
759 3568 789 3626 S.
805 3566 896 3625 Sabae
915 3587 979 3646 cap.
995 3571 1046 3633 28.
1061 3567 1168 3626 Mona·

71 3647 195 3708 chorum
216 3649 342 3708 virtutes
363 3651 549 3730 describens,
577 3651 699 3712 allatum
721 3651 831 3712 Psalmi.
849 3653 1032 3714 versiculum
1048 3653 1085 3711 sd
1101 3651 1167 3713 Mo·

70 3731 181 3792 nachos
197 3735 346 3794 transfert.

153 3821 203 3884 33.
225 3820 454 3900 Συστροιτηγοῦ]
485 3820 560 3896 Quis
584 3820 674 3882 huius
693 3822 778 3882 vocis
801 3821 860 3883 hoe
878 3822 911 3881 in
933 3821 1000 3881 loco
1021 3841 1109 3882 verus
1127 3821 1168 3885 stt

1 3936 2 3980 3
71 3923 170 3964 sensus
191 3924 254 3991 non
275 3903 511 3985 beneassequor.
554 3903 760 3991 Σοστροιιηγὸς
776 3929 831 3989 pro
846 3908 959 3985 collega
975 3907 1093 3988 imperii
1107 3907 1167 3965 mi·

1 4059 2 4064 ¹
70 3989 179 4064 literis,
200 4009 252 4049 ssu
268 4010 325 4070 pro
342 4007 392 4066 eo,
415 3991 466 4069 qui
482 3992 570 4052 simul
591 3994 718 4070 militat,
748 4003 777 4053 et
800 3995 981 4074 praelietur,
1004 3994 1165 4072 scriptores

1 4101 2 4144 j
72 4074 175 4134 Graeci
200 4073 356 4150 adhibent,
379 4084 409 4134 et
433 4077 561 4155 proinde
581 4079 620 4138 ad
639 4077 843 4158 Nicephorum
865 4077 1021 4138 reserenda
1042 4077 1167 4136 videre-

1 4157 3 4164 ’
70 4169 126 4218 tur.
154 4158 264 4218 Verum
278 4179 310 4218 ee
322 4161 528 4240 interpretatio
542 4183 609 4224 cum
623 4165 760 4243 reliquis,
783 4183 857 4241 quae
876 4185 893 4221 a
907 4168 996 4244 poabt
1011 4161 1061 4222 hic
1076 4171 1167 4222 enach

1 4311 2 4320 χ
69 4251 190 4319 rantur,
212 4265 275 4303 non
293 4245 367 4305 bens
381 4244 534 4323 cohaeret,
557 4258 587 4308 et
602 4249 717 4307 idcirco
732 4249 832 4328 potius
856 4251 934 4309 Deus
949 4247 1013 4327 ipse
1027 4251 1166 4330 Συοτροι-

1 4350 2 4418 ζ
68 4324 152 4413 ιηγὸς
169 4348 185 4387 a
201 4328 366 4391 Theodosio
397 4331 562 4415 appeliatm
579 4331 715 4412 videtur,
739 4334 823 4394 ouius
838 4334 1028 4415 potIssImum
1051 4351 1109 4416 epe
1129 4353 1167 4394 ac
