2786 4620
148 315 209 385 nu
229 311 386 382 umen.
405 309 494 384 suu
514 311 597 381 nte.
617 312 746 412 onoc.
766 313 832 418 ur
847 313 903 384 ιο.
923 315 1043 388 uznn
1088 309 1161 384 aet

62 476 280 561 Uoparaatiam
294 473 447 536 obaeditet
458 483 617 557 poatqnam
631 473 711 556 capit
724 472 772 536 dio
782 473 920 555 tatami,
936 476 985 540 dia
999 482 1041 546 15
1054 479 1163 552 11ωῷ

1 592 2 654 t
63 579 237 646 Radachabi
264 575 356 638 huiua
380 577 468 654 anni,
499 595 634 655 magnam
662 576 781 640 umam
802 576 837 638 in
856 598 890 640 ea
909 579 1011 642 edidit.
1060 582 1163 658 Quum

1 719 3 802 ,
64 687 207 761 200,000
226 674 381 757 mom,
408 679 566 740 munerun
580 688 611 740 et
623 677 788 740 nemum
803 677 905 739 men
923 681 957 740 m
975 691 1084 746 cm
1097 686 1163 747 ua-

1 813 2 848 l
64 803 228 848 manorum
240 781 379 856 miaiaeet,
402 781 441 842 ad
454 782 578 842 Tereum
592 779 819 862 oppuguandam
827 783 982 862 protectae
991 794 1044 846 eat.
1072 787 1165 848 Coiua

1 915 2 932 2
65 889 150 950 cia-m
168 903 263 967 quom
283 882 434 964 supplice·
455 884 690 944 incolumitatem
710 882 746 942 ab
764 869 801 967 *ab
820 892 968 964 puerant,
989 887 1162 967 pollicentee

1 999 2 1014 ¹
65 1009 97 1050 ae
111 997 216 1070 portae
231 995 395 1069 aperturae,
412 981 550 1046 miremur
565 1007 666 1048 eorum
677 983 833 1069 prumieit,
847 1005 878 1044 ae
890 983 984 1050 vitem
997 985 1060 1048 illie
1070 1008 1161 1070 opae-

65 1111 129 1172 que
141 1099 337 1158 maturum.
378 1087 530 1165 Ingreeaua
543 1089 648 1150 umam
660 1085 813 1168 priucipea
831 1087 1085 1151 Arabaemmtum
1100 1089 1161 1152 bo-

63 1191 208 1266 noravit,
236 1209 353 1250 menaea
380 1187 519 1250 adhibuit
538 1199 569 1250 et
586 1190 704 1266 iuaaoe,
736 1181 886 1270 quidquid
909 1211 1002 1273 opum
1027 1202 1160 1273 poaaent,

62 1312 169 1354 aecum
181 1293 312 1371 auferre,
335 1290 523 1352 Antiochiam
536 1292 634 1367 misit,
654 1293 733 1351 iacta
750 1290 839 1350 etiam
854 1300 1014 1372 potestate,
1034 1302 1071 1354 ut
1089 1295 1160 1374 qui-

64 1413 185 1474 cunqne
204 1413 266 1454 non
287 1392 492 1471 Antiochiam,
521 1393 574 1454 aad
593 1391 626 1452 in
644 1391 716 1452 aliea
738 1392 868 1452 Arabum
885 1393 971 1454 urboa
987 1393 1033 1454 ira
1047 1396 1158 1474 mallet,

64 1515 248 1579 quocunque
262 1497 369 1572 vallet,
391 1495 495 1555 abiret.
536 1493 626 1555 Dedit
645 1514 763 1574 quoque
779 1495 916 1556 cuatodee
930 1503 991 1556 trea
1003 1497 1157 1578 panium,

63 1600 120 1680 qui
140 1601 175 1660 ab
196 1600 278 1660 omni
299 1617 350 1659 eoa
363 1597 473 1657 iniuria
492 1596 693 1658 defenderant.
734 1595 870 1661 Armenia
893 1597 1084 1678 quibusdam,
1106 1598 1159 1679 qui

62 1703 220 1763 nonnullia
235 1700 381 1762 Arubibua
401 1719 504 1759 manue
525 1698 705 1770 intulerant,
727 1719 833 1761 manua
853 1721 998 1780 uacuaque
1017 1711 1159 1787 amputa·

60 1804 118 1882 vil,
130 1813 289 1885 poatqnam
302 1803 431 1862 multum
446 1801 570 1881 flogellia
584 1799 661 1860 oaeai
677 1811 768 1864 erant.
797 1803 919 1880 legator
931 1803 964 1864 in
977 1820 1079 1864 omnen
1091 1802 1157 1864 viaa
1230 1827 1235 1832 ·

61 1925 133 1964 cnm
154 1907 215 1965 illia
233 1904 315 1966 miait
334 1913 364 1963 et
385 1923 501 1963 omnem
525 1902 608 1964 dedit
629 1922 764 1981 operam,
794 1913 830 1964 ut
849 1905 927 1964 bona
947 1923 1017 1966 cum
1030 1925 1105 1986 pace
1117 1905 1157 1968 ad

61 2007 191 2084 Arabea‚
214 2008 411 2082 cocionum,
432 2007 631 2086 pervenirent.
673 2004 831 2084 Tampium
849 2007 992 2068 Turenum
1011 2027 1156 2087 equorum

60 2109 215 2168 atabulum
235 2109 314 2169 iecit.
363 2109 455 2168 Tereo
476 2107 635 2189 patricium
660 2125 728 2166 rum
752 2107 836 2174 6000
858 2109 990 2189 equitmn
1011 2111 1155 2191 imposuit

60 2209 256 2291 praesidinm.
296 2211 392 2270 Etiam
404 2209 543 2269 Maniaee
557 2208 648 2268 alium
661 2207 821 2288 patricium
836 2211 968 2290 reliquit.
1008 2213 1156 2274 Restituta

63 2313 178 2372 Taraua
198 2313 323 2372 multum
343 2311 451 2390 florere
473 2311 580 2391 eoepit.
622 2311 716 2370 Tanta
730 2310 886 2370 eratineo
904 2331 1040 2375 annonae
1057 2313 1155 2376 abura-

60 2398 191 2491 dantia,
207 2423 243 2474 ut
259 2413 298 2479 14
313 2413 400 2494 panio
412 2413 500 2472 litrue
516 2431 669 2490 uuaycuaa
680 2409 890 2474 venderentur.
922 2414 1012 2476 Multi
1024 2435 1062 2475 ex
1076 2415 1154 2477 An-

59 2515 160 2592 bibua,
182 2515 289 2596 priacie
306 2515 368 2574 eiua
382 2514 511 2591 civibus,
532 2513 645 2575 reveni
659 2522 744 2586 aunt,
764 2533 894 2604 quorum
906 2515 999 2596 aliqui
1012 2517 1156 2599 baptiaati
1209 2591 1215 2598 ⁸

61 2626 94 2677 at
116 2616 277 2677 Chriatiani
300 2616 374 2676 iacti
399 2625 485 2693 aunt,
520 2616 630 2699 aliqui,
658 2633 787 2696 quorum
812 2623 913 2676 tamen
936 2618 1026 2682 liberi
1051 2639 1154 2682 omnen
1283 2657 1286 2664 ι

60 2717 309 2798 baptizabantur,
329 2719 363 2778 in
374 2717 435 2778 lide
450 2737 501 2778 aua
513 2718 718 2799 perculerunt.

147 2820 235 2880 Auno
254 2814 329 2902 'poet
349 2840 406 2880 rex
423 2816 610 2899 Nicephorua
630 2818 768 2880 Amidam
786 2819 901 2884 obaudit
921 2833 967 2900 et,
989 2845 1081 2905 quum
1099 2843 1152 2887 ca-

58 2943 131 3007 pere
153 2923 309 3003 nequiret,
330 2921 520 2990 Antiochiam
538 2921 650 2981 multoe
671 2921 734 2982 dien
754 2927 953 3005 oppugnavit,
974 2927 1027 2988 aed
1043 2925 1153 2989 umili-

59 3035 106 3086 ter
129 3045 234 3108 capere
254 3043 319 3086 non
342 3023 460 3106 potuim
486 3023 586 3104 itaque
610 3023 740 3087 incensio
768 3026 844 3088 vicie
867 3025 1021 3111 horiieque
1043 3027 1152 3091 vicinia

60 3127 141 3191 abiit.

144 3230 234 3292 Anno
257 3231 439 3292 Graecorum
461 3234 559 3310 1279,
581 3231 809 3306 Arabum-367,
831 3229 994 3294 Choraaani
1008 3229 1151 3292 nonnulli

60 3351 128 3393 cum
146 3336 231 3399 3000
251 3330 381 3397 Arabum
400 3333 656 3400 Antiochenorum
674 3337 708 3395 in
728 3333 946 3417 Cappadociam
963 3333 1150 3415 irruperunt,

1 3465 2 3468 ¹
59 3436 113 3496 aed
131 3435 246 3510 40,000
265 3435 484 3512 Romanorum,
513 3436 566 3515 qni
589 3446 798 3512 occurrerant,
818 3437 981 3518 permultca
1002 3435 1150 3498 Choraea·

57 3557 166 3598 norum
186 3546 216 3598 et
227 3533 485 3597 Antiochenorum
505 3545 570 3598 tum
589 3539 816 3617 interfecerunt,
836 3549 901 3600 tum
920 3540 1038 3603 unctor
1058 3536 1152 3598 abdu·

57 3647 180 3700 xerunt.
220 3637 331 3698 Arabea
344 3634 524 3699 Antiocheni
537 3639 741 3702 Patriarcham
759 3639 1042 3703 Chalcedoneuaium
1071 3636 1150 3698 occi·

56 3740 169 3806 derum
190 3750 220 3801 et
238 3744 374 3804 eccleciae
392 3741 567 3804 Antiochiae
587 3744 696 3804 medua
713 3752 877 3806 veatanmt.
917 3740 1046 3804 Romani
1058 3743 1152 3802 Saru-

56 3861 125 3924 gutu
138 3844 267 3925 proiecti
281 3849 345 3913 300
358 3845 468 3907 Arabee
483 3856 514 3907 ot
526 3846 635 3906 multae
650 3847 779 3926 pecudea
790 3846 991 3908 abduxerunt.

138 3945 208 4006 lloc
223 3965 323 4023 anno,
346 3956 413 4008 orto
430 3947 510 4008 inter
525 3947 724 4026 Choraaanoa,
746 3947 800 4029 qui
820 3944 996 4008 Antiochiae
1015 3952 1101 4006 eraut
1118 3952 1149 4004 et

55 4045 167 4108 Arabea
194 4047 397 4110 Antiocheuca
424 4049 561 4126 diaeidio,
588 4049 716 4111 llomani
742 4071 781 4110 ex
804 4048 926 4128 regione
961 4045 1149 4107 Antiocheno

56 4153 99 4216 tu
115 4147 273 4212 bominum
289 4149 398 4228 millia,
419 4151 501 4224 riroa
519 4159 550 4211 et
568 4151 723 4231 mulierea,
751 4171 861 4233 pueroa
884 4148 1071 4232 puellaeque,
1092 4145 1149 4206 ab·

55 4249 218 4315 duxerunt.
259 4253 347 4334 mo
361 4263 447 4336 poet,
468 4252 529 4317 ie.
546 4256 630 4322 1280
652 4253 850 4333 Graecorum,
870 4247 998 4318 Romani
1010 4245 1146 4330 Caphar-
