2788 4616
328 290 374 358 IN
390 287 548 362 LEONIS
566 289 745 362 ulncoul
765 288 841 360 LlB.
862 291 885 366 Ι.
1080 285 1154 357 413

56 453 155 534 fimet.
188 447 377 513 Adiectivum
391 444 572 534 παράβολος,
582 469 585 480 ·
594 450 709 528 audes,
728 451 910 528 temerarios,
925 447 1015 512 habet
1028 448 1086 512 Leo
1103 457 1153 522 12.

67 539 104 600 G.
128 531 440 620 παραβολάτατοςβθ.
457 537 489 596 G.

153 619 233 683 lom.
254 622 308 680 lin.
323 627 373 688 22.
395 619 428 686 ίκ
445 624 503 683 τοῦ
514 619 717 706 παρείκοντος]
738 619 785 680 Ex
799 615 923 698 Agathie
935 625 988 686 67.
1006 617 1040 683 D.
1061 623 1156 682 forma

66 705 214 785 loquendi
231 705 360 766 rariore:
382 703 443 764 vid.
464 705 564 786 Vigor.
584 708 625 766 De
637 705 777 766 idiotism.
799 706 845 770 sd.
865 703 1024 766 Hermann.
1039 707 1110 773 429.
1122 708 1155 769 B.

69 791 213 872 Παρείκιο
236 788 402 867 significare
421 788 508 870 cedo,
527 790 672 865 concedo,
689 792 845 868 permitto,
866 799 972 847 notum
989 800 1042 850 est.
1085 791 1160 850 Inde

67 875 195 956 phrases
219 873 252 937 ίιι
269 877 326 935 τοῦ
340 875 532 956 παρείκοντος
550 885 582 936 et
602 872 677 938 κατά
696 870 730 938 τό
744 879 901 953 παρεῖκον,
918 893 978 952 pro
996 876 1158 952 facultate.

67 959 158 1022 Philo
184 959 225 1017 De
244 957 306 1020 vita
318 957 410 1018 Musis
423 959 493 1026 630.
507 960 543 1022 Δ.
560 959 631 1034 ἔθος
643 956 700 1044 γάρ
713 951 770 1040 ἦν,
793 953 838 1021 άελ
850 956 906 1039 μὲν
921 955 996 1020 κατά
1008 955 1042 1022 τό
1057 967 1159 1041 παρεῖ·

68 1066 140 1119 κον,
160 1039 389 1126 προηγουμένως
399 1042 432 1104 λλ
445 1051 512 1118 τοῖς
522 1041 669 1126 ἑβδόμαις,
684 1042 726 1117 sic
737 1037 871 1123 ἐδήλωσα
883 1043 935 1105 καλ
949 1039 1093 1125 πρόσθεν,
1108 1067 1160 1123 φι-

71 1133 223 1205 λοσοφεῖν.
254 1128 312 1186 Ubi
329 1127 532 1206 sigismundus
542 1130 681 1189 (λελοιπόσι
690 1129 723 1187 in
740 1128 871 1188 versione
881 1125 956 1190 κατά
970 1125 1003 1191 τό
1017 1136 1160 1210 παρεῖκον

70 1213 198 1274 omnino
222 1233 284 1272 non
311 1212 474 1291 expressit:
496 1213 623 1274 Thomas
648 1215 773 1294 Meugcy
794 1212 923 1272 editione
944 1211 1104 1290 Anglieena
1122 1213 1158 1275 ΙΙ.

72 1301 145 1364 167.
158 1301 210 1361 47.
225 1296 371 1373 reddidit,
393 1297 634 1380 quandocunque
658 1296 845 1358 commodum
857 1309 939 1360 earet.
980 1296 1160 1358 Plutarchus

70 1383 116 1440 De
137 1379 237 1440 liberis
256 1382 415 1442 educandis
429 1387 459 1448 8.
475 1384 508 1443 Δ.
529 1387 583 1462 τῆς
600 1383 781 1463 φιλοσοφίας
798 1374 1072 1461 ἀντιλαμβάνεσθαι
1084 1381 1159 1445 κατά

71 1461 109 1530 τό
138 1471 280 1547 παρεῖκον
300 1471 360 1528 τῶν
380 1471 503 1549 ιιαιρολν.
545 1469 648 1528 Utitur
671 1485 788 1546 quoque
811 1463 965 1543 Agathioa‚‘
982 1467 1051 1534 160.
1068 1467 1101 1526 D.
1115 1468 1159 1546 De

71 1550 162 1610 simili
176 1549 289 1630 phrasi,
309 1552 446 1632 παρείκοι
456 1547 535 1629 ὅποι,
558 1573 738 1632 quacunque
752 1549 876 1609 dabitur
887 1553 1014 1625 occasio,
1036 1551 1157 1611 averbc

72 1635 217 1714 παρίημι,
239 1635 290 1694 alii
314 1635 467 1695 commode
485 1647 701 1718 exposuerunte
721 1637 815 1697 utitur
836 1635 895 1694 Leo
910 1639 939 1700 6.
953 1635 989 1696 A.
1004 1641 1054 1702 71.
1070 1635 1104 1694 D.
1119 1655 1158 1696 ex

31 1749 36 1762 ·
72 1719 199 1797 Agathia
213 1719 330 1786 1961).
345 1719 415 1786 143.
428 1721 461 1780 Β.
476 1725 544 1788 168.
561 1724 591 1786 C.
614 1723 664 1803 qui
676 1722 739 1802 ipse
753 1719 856 1796 hebet,
878 1719 999 1800 opinor,
1021 1740 1059 1779 ex
1071 1719 1187 1787 Thu-c

71 1803 182 1884 *tydide
210 1809 281 1872 173.
296 1799 419 1885 &⁰qu
435 1802 467 1868 δὲ
479 1801 607 1888 παρήκει
620 1808 695 1868 male
709 1807 884 1885 impressum
900 1811 946 1864 est
958 1805 1038 1885 apud
1052 1805 1160 1867 Cedre-

72 1909 157 1966 num,
178 1888 214 1947 Π·
229 1893 299 1955 667.
322 1889 354 1948 G.
367 1885 441 1952 κατά
455 1886 637 1973 simeriaco
652 1891 717 1966 [sic]
736 1890 814 1970 apud
829 1889 997 1968 Agethiane,
1020 1894 1070 1958 98.
1084 1891 1116 1950 (L

157 1971 235 2032 lbid·
252 1973 307 2035 lin·
320 1978 371 2040 23.
393 1971 453 2056 πρό
465 1980 521 2038 τοῦ
529 1973 633 2051 άστεος
646 1977 835 2056 διεχείμαζεν]
848 1973 913 2035 Hac
924 1975 990 2056 ipsa
1006 1973 1112 2052 hieme,
1125 1973 1158 2037 h.

74 2079 102 2121 e.
117 2066 245 2118 exeunte
256 2079 333 2118 anno
347 2063 418 2131 960,
441 2069 493 2118 eut
506 2060 625 2120 ineunte
641 2067 720 2137 961,
743 2059 831 2120 ebbae
843 2059 1014 2119 monasterii
1031 2061 1059 2119 S.
1073 2060 1159 2120 Pauli

73 2143 110 2202 in
122 2150 224 2200 monte
234 2141 337 2221 latro,
358 2165 452 2224 prope
466 2143 616 2224 Miletum,
637 2147 674 2205 ed
688 2143 890 2223 Nicephorum
905 2143 1025 2203 videtur
1037 2143 1159 2202 incre·

74 2235 140 2286 tam
162 2227 367 2300 transmisisse,
389 2238 547 2308 questurus
567 2231 604 2290 de
624 2229 819 2290 obstinatione
837 2227 975 2286 monachi
990 2225 1158 2287 cuiusdam:

73 2320 114 2370 ut
129 2309 271 2371 docemur
281 2331 317 2372 ex
329 2312 396 2373 vita
411 2316 439 2374 S.
448 2314 533 2374 Pauli
547 2315 693 2375 latreusis
706 2334 760 2373 ms.
774 2332 861 2392 quem
878 2311 1028 2372 Herleeius
1041 2311 1159 2372 Biblio-

73 2395 164 2455 theca
184 2396 294 2456 Graece
311 2399 350 2457 X.
363 2401 437 2466 307.
450 2399 487 2458 A.
502 2419 520 2458 a
536 2399 702 2481 Nicephoro
717 2397 890 2477 Blemmyde
902 2397 1093 2476 compositam
1107 2397 1157 2459 ait.

72 2480 162 2541 Hanc
182 2481 291 2556 vitam,
313 2502 382 2541 curn
405 2493 582 2546 etaccurete
595 2487 633 2544 sit
653 2483 815 2566 perscripta
822 2526 832 2560 ,
854 2490 884 2541 et
895 2501 942 2542 res
958 2483 1106 2542 contineat
1119 2481 1159 2542 ad

73 2564 282 2646 geographiam
307 2566 517 2647 historiamque
541 2571 662 2630 illorum
686 2579 852 2648 temporum
873 2565 1051 2626 noscendam
1072 2566 1159 2626 utiles

76 2647 199 2732 (Paulus
212 2651 291 2710 enim
303 2652 451 2713 Latrensis
469 2655 532 2713 vita
549 2655 673 2715 excessit
686 2675 712 2714 a.
726 2656 797 2730 956,
817 2651 946 2712 triennio
965 2661 1034 2710 ants
1046 2651 1159 2711 obitum

75 2736 264 2794 Constantini
282 2737 546 2817 Porphyrcgeuiti‚
567 2739 648 2800 unde
668 2739 820 2800 historiam
840 2757 926 2798 orsus
938 2737 996 2796 Leo
1022 2733 1104 2816 est),
1125 2737 1159 2795 in

71 2820 219 2880 volumen
239 2821 357 2901 aliquod
380 2822 559 2901 subsequens
581 2832 673 2882 totum
693 2823 835 2887 referem:
863 2821 913 2882 hic
933 2820 1102 2896 subiiciem,
1127 2821 1160 2898 *λ
1291 2883 1294 2892 ,

73 2924 153 2984 qnae
165 2905 202 2964 ed
214 2905 414 2986 Nicephorum
428 2905 556 2968 Phocum
574 2909 733 2989 pertinent.
774 2909 1032 2968 Demonstraveret
1044 2913 1158 2983 auctor,

73 2991 105 3048 S.
119 2991 245 3050 Paulum
253 2992 420 3050 Latreusem
433 2993 484 3051 rel
496 3001 565 3072 post
574 3003 698 3053 mortem
706 2993 744 3052 ed
755 3013 841 3074 opem
851 2992 913 3052 eine
923 2990 1158 3068 confugientibus

74 3075 221 3134 auxilium
240 3075 350 3139 tulisse.
393 3077 465 3138 Inde
487 3078 598 3157 pergite
610 3074 725 3160 Ὥσπερ
744 3075 776 3142 δὲ
803 3072 919 3149 τούτοις
937 3075 1038 3150 iissre,
1060 3069 1186 3147 οάτοςΙ)

77 3151 136 3220 άπ’
157 3159 292 3232 ἐναντίας
314 3155 452 3224 disercior
474 3162 526 3225 καλ
544 3161 797 3246 πονηρευομένοις
816 3153 946 3241 φοβερός
963 3180 1011 3235 τε,
1032 3156 1083 3220 καλ
1104 3153 1183 3238 τήν.

76 3243 218 3347 umbrico
231 3237 438 3354 ducqeieqcoc.
463 3242 642 3350 Μαρτόριον
656 3251 711 3310 τοῦ
725 3245 882 3327 είρημίνον
898 3239 991 3350 ραφλς
1007 3240 1096 3306 icosi
1108 3265 1161 3323 po·

75 3321 351 3488 ικλίικι
362 3330 599 3488 λίνικον
610 3331 786 3478 mis
804 3327 1162 3493 rennuens

78 3494 224 3576 ίκόημίαν
242 3439 380 3573 όποστάςγ
389 3439 443 3580 τλάς
461 3441 609 3582 Λαάραςλ,ι
622 3439 697 3562 stoici
718 3503 775 3580 τῆς
787 3440 913 3581 hiique
932 3495 1096 3560 ιόπλίσατο·
1118 3494 1162 3571 τίς

79 3577 136 3661 μὲν
150 3583 252 3666 ίκείνφ
266 3583 386 3664 donorio,
407 3583 457 3647 ἐπί
468 3580 618 3668 προφάσει
629 3585 743 3670 δικαία·
765 3581 806 3657 τίς
820 3581 853 3646 di
866 3607 903 3670 τη
921 3575 1049 3665 άληθτίρι
1060 3575 1161 3657 πάλιν,

77 3661 242 3746 κακοήθως
257 3662 346 3745 ὅλοις,
369 3668 421 3731 καλ
436 3671 592 3752 φιλαρχίας
606 3673 722 3755 μανικῷ
735 3667 828 3750 ἔρωτι.
854 3666 887 3731 Ὅ
905 3669 981 3750 γοῦν
999 3669 1053 3745 τῆς
1072 3659 1172 3727 Λαιί-·

79 3771 136 3831 ρας
152 3745 217 3814 τότε
230 3751 429 3833 προεστηκός,
452 3748 661 3836 άπαγορεόσας
672 3750 749 3838 πρός
764 3750 800 3816 τά
814 3752 930 3817 ίκείνοο
948 3747 1025 3813 κακά
1040 3749 1092 3813 καλ
1105 3746 1168 3840 τήν

79 3836 263 3916 βασκανίαν,
285 3832 321 3900 τά
338 3859 370 3899 τε
389 3833 463 3901 άλλα
480 3839 580 3902 ’ίποίει
596 3843 656 3901 τάν
672 3833 782 3923 άπορίρι
800 3837 851 3900 καλ
864 3831 945 3922 λόπρ
958 3857 1027 3897 κατε
1095 3833 1162 3914 σμί-

79 3941 158 3995 νοιν,
180 3918 232 3983 καί
252 3917 290 4000 (λη’
313 3920 364 3984 καλ
383 3919 456 4004 πρός
472 3920 526 3988 τόν
546 3928 600 4006 τῆς
616 3925 766 4005 βασιλείας
787 3916 825 3986 ον’
842 3926 962 3994 πολλοῖς
982 3855 1162 4000 μετιόνάαάτα

80 3999 201 4086 χρόνοις
212 4001 424 4087 ἐπιλαβόμενον
445 4004 634 4090 Νικηφόρον,
648 4005 730 4072 ’κατά
741 4011 796 4088 τῆς
815 4000 936 4089 Κρήτης
955 3999 1016 4084 ἤδη
1032 3997 1164 4080 ίπιόντα,

83 4083 191 4174 άπηέι,
212 4089 343 4172 ίντνχεΐν
353 4091 462 4179 -όκείνρε
474 4090 674 4174 βουλόμενος,
693 4089 768 4158 κατά
782 4092 814 4166 [l.
827 4091 879 4155 καλ
888 4089 943 4172 τά]
955 4091 1011 4152 τοῦ
1024 4081 1165 4168 ’Ῑμνατίον

115 4267 706 4340 ἿΕιωιλίέοίιίίαίίθἛολθλτπτο.
