2780 4658
110 253 113 263 ’
228 315 297 366 m
649 299 881 387 comesu

227 463 347 529 aaecnld
363 463 455 526 tertio
479 459 518 523 ad
531 458 702 523 Heraclium
716 459 791 539 Aug.
806 457 988 522 tlomarunt:
1008 479 1079 521 nam
1098 457 1179 542 apud
1191 458 1257 521 bos
1272 481 1350 544 po·

162 571 165 578 ’
226 571 290 630 tius
312 567 429 648 aliquid
451 564 561 644 integri
585 563 707 644 sanique
728 562 904 624 remansisse
931 563 1113 624 credendum
1135 571 1196 640 est,
1236 581 1349 643 quam

228 671 308 753 apud
329 670 398 730 illos
421 669 475 749 qui
490 687 567 728 saec.
588 687 644 728 ru.
666 674 695 725 et
715 665 855 746 deinceps
873 667 1012 744 hiemant,
1033 685 1126 745 usque
1147 665 1185 727 ad
1204 675 1345 746 captans

225 772 340 835 urbem.
389 770 435 831 Ab
457 768 608 831 historicis
630 767 884 828 illustrationibus
905 769 1083 848 plerumque
1105 785 1152 827 me
1172 768 1339 830 continui.

225 880 303 935 Sunt
317 872 370 953 qui
385 875 510 934 materia
525 893 542 931 a
556 871 643 931 nobis
660 878 764 951 parata
776 879 859 930 recto
870 878 1012 942 utantur,
1034 869 1194 948 scriptores
1208 870 1342 951 proba-

223 975 298 1036 biles
313 975 411 1051 multi,
432 977 546 1056 aliquot
557 974 645 1034 etiam
660 971 783 1049 summi,
804 982 840 1031 ut
852 969 1075 1052 componendas
1085 970 1227 1031 historiae
1243 972 1340 1032 clara

223 1077 284 1159 ipsi
299 1077 444 1158 exempla,
468 1079 512 1138 ita
526 1075 758 1158 compositarum
769 1073 877 1155 optimi
891 1073 1015 1133 iudices.
1045 1072 1135 1133 Velut
1148 1075 1180 1132 in
1195 1075 1340 1135 Germa·
1358 1125 1362 1134 .

222 1181 274 1241 nia
289 1181 463 1240 Fredericus
478 1178 711 1260 Christophorua
729 1179 941 1251 Semossraus,
964 1175 1016 1254 qui
1030 1174 1106 1256 libro
1125 1195 1240 1255 pancos
1256 1185 1337 1236 ante

224 1305 318 1344 annos
342 1285 422 1344 edito
445 1284 574 1364 impetus
598 1281 833 1360 imperatorum,
862 1277 1121 1358 Constantinopoli
1143 1283 1335 1342 Sanctorum

222 1385 363 1466 imagines
382 1385 604 1461 infestantium,
625 1404 688 1447 nou
708 1383 825 1443 minore
844 1380 980 1441 acumine
992 1400 1081 1459 quam
1095 1383 1238 1443 facundia
1253 1385 1334 1444 feli-

224 1488 339 1548 cissime
359 1487 503 1568 exposuit.
545 1489 581 1548 ln
599 1487 706 1547 Russia
726 1483 866 1544 Nicolaus
886 1484 1062 1561 trunam,
1083 1483 1223 1546 historiae
1247 1507 1332 1566 pro-

223 1589 394 1649 batissimae
414 1597 535 1668 auctor,
557 1610 615 1670 qua
633 1587 744 1670 patrias
759 1585 950 1665 antiquitates
963 1605 1030 1646 rara
1044 1586 1163 1648 dicendi
1179 1587 1333 1649 facultate

223 1689 399 1750 mirabiliter
424 1691 600 1751 illustravita
631 1700 661 1750 et
679 1687 853 1769 cumprimis
874 1686 1031 1769 Philippus
1055 1689 1160 1767 Kane,
1189 1688 1241 1748 cui
1263 1690 1329 1751 iam

224 1794 361 1873 superius
379 1793 492 1853 debitas
512 1792 622 1872 gratias
645 1791 821 1871 meritasque
834 1790 896 1869 egi,
919 1792 1005 1851 cuius
1022 1791 1056 1850 in
1070 1793 1244 1852 Tentamiue
1258 1794 1328 1854 ori-

223 1887 286 1954 tico
309 1895 348 1954 ad
361 1894 569 1954 illustrandam
591 1892 811 1972 chronologiam
825 1893 1037 1973 Byzantium,
1059 1893 1324 1975 Petropoli1810·
1376 1905 1383 1924 '

222 1994 341 2077 (omitto
363 1996 420 2056 alia
435 1998 496 2060 eius
512 1997 637 2079 scripta,
661 2017 736 2077 quae
756 1995 849 2055 multa
871 1993 971 2077 sunt),
992 1996 1125 2078 perfecta
1138 2005 1323 2058 rarumtum

221 2096 407 2157 Slevicsrum
428 2108 494 2159 tum
515 2100 792 2181 septentrionalium
811 2097 957 2178 cognitio,
978 2119 1094 2159 summe
1105 2099 1222 2160 ratione
1241 2119 1321 2160 cou-

219 2198 490 2282 sideratissimeque
505 2201 665 2284 prudentia
680 2202 798 2280 adiuta,
821 2202 929 2278 eluxit,
952 2201 1094 2281 cuiusque
1109 2202 1321 2262 eruditissimis

220 2302 476 2364 observationibus
501 2304 534 2364 in
549 2304 610 2365 boc
625 2325 746 2385 quoquo
759 2324 848 2386 opere
860 2303 974 2365 edendo
988 2323 1049 2362 non
1065 2305 1256 2365 mediocriter
1270 2323 1319 2365 me

220 2403 356 2464 adiutum
379 2425 441 2466 esse
464 2427 616 2487 nunquam
632 2404 835 2466 dissimulabo.
876 2404 913 2464 ln
931 2403 1043 2482 Gallia,
1066 2405 1148 2464 omni
1165 2407 1318 2487 politioris

218 2507 403 2568 litteraturae
422 2518 452 2567 et
479 2509 681 2589 antiquitatis,
714 2506 797 2567 omni
817 2503 1008 2565 scientiarum
1029 2525 1135 2584 genere
1155 2509 1316 2588 excellens,

219 2610 289 2669 bnt
311 2609 416 2669 loann.
437 2609 609 2688 barnerus,
632 2609 736 2671 multia
748 2608 822 2669 mibi
836 2607 1005 2669 nominibus
1024 2629 1127 2682 carus,
1149 2631 1212 2672 non
1224 2611 1314 2676 modo

218 2710 337 2790 iugenio
361 2711 619 2792 splendidissimo,
640 2713 695 2773 sed
717 2715 837 2798 κριτικῇ
856 2730 973 2790 quoque
994 2709 1134 2790 singulari
1151 2724 1240 2795 atque
1258 2733 1315 2776 ex·

219 2813 329 2893 quisita
350 2823 512 2894 praestans.
555 2816 657 2896 Neque
679 2815 721 2876 ibi
738 2825 810 2896 post
824 2811 1024 2890 Ameilhonis,
1046 2814 1201 2896 scriptoris
1214 2817 1310 2897 politi,

218 2935 315 2996 neque
336 2925 406 2998 post
428 2917 480 2977 lib.
504 2918 570 2979 Rar.
586 2918 623 2978 de
641 2918 743 2977 Sainte
756 2949 773 2963 -
788 2915 896 2995 croix,
916 2915 977 2976 viri
989 2917 1166 2996 venerandi,
1188 2919 1310 2994 obitum,

217 3039 315 3099 neque
327 3019 599 3102 inBritanniapost
617 3020 782 3080 Gibbonem
794 3019 855 3078 rita
869 3020 1015 3096 iunetmn,
1033 3019 1142 3079 desunt
1160 3019 1211 3079 alii
1228 3041 1310 3080 sum-

216 3141 266 3182 ma
289 3122 425 3182 doctrina
445 3142 619 3204 summoque
638 3122 749 3183 iudicio
764 3121 913 3199 homines,
933 3120 967 3180 in
982 3122 1166 3202 exploranda
1182 3123 1309 3206 scripto-

217 3243 285 3284 rum
302 3225 392 3284 medii
405 3225 471 3286 aeri
484 3225 543 3286 lide
558 3225 722 3286 exercitati.
763 3224 818 3284 liis
835 3243 898 3304 ago,
919 3225 1076 3284 transactis
1087 3226 1147 3286 ism
1162 3227 1233 3287 meis
1242 3249 1307 3309 par-

216 3325 313 3404 tibus,
337 3327 466 3386 Leonem
485 3326 629 3390 historioa
647 3327 764 3390 ratione
783 3325 1011 3405 illustrandum,
1044 3329 1069 3386 si
1087 3329 1195 3408 velint,
1214 3329 1305 3391 trado.

216 3427 293 3490 Mihi
313 3429 383 3488 satis
407 3429 482 3506 fuit,
503 3431 658 3493 materiam
680 3430 757 3507 illis,
778 3450 840 3489 non
858 3427 1011 3508 indignam
1030 3430 1170 3489 facultate
1183 3439 1213 3489 et
1227 3430 1304 3512 copia

216 3528 366 3609 ipsorum,
388 3530 549 3610 subiicere,
571 3532 749 3612 interimque
762 3531 794 3590 in
807 3551 896 3612 opere
911 3531 956 3591 sic
965 3531 1095 3608 versari,
1117 3540 1154 3590 ut
1168 3531 1306 3612 quaedam

218 3633 273 3692 otii
289 3632 347 3692 mei
367 3629 502 3692 exstaret
516 3633 610 3710 ratio,
632 3634 759 3714 indeque
779 3633 897 3694 litterae
914 3631 1042 3693 Graecae
1062 3631 1161 3711 aliqua
1176 3644 1303 3714 exparte

213 3735 480 3817 locupletarentur.
521 3735 557 3795 ld
577 3743 675 3796 totum
697 3735 854 3796 consilium
874 3735 1045 3813 factumque
1063 3753 1162 3795 meum
1182 3737 1207 3796 si
1221 3757 1235 3795 a
1249 3735 1303 3795 do-

215 3837 271 3898 ctis
293 3838 484 3920 probabitur,
507 3837 594 3898 nullo
613 3838 672 3898 alio
694 3837 829 3898 decorari
844 3833 975 3897 laborem
991 3855 1091 3895 meum
1104 3837 1235 3918 praemio
1248 3858 1301 3918 po-

214 3941 314 4019 stulo,
344 3942 383 4001 ad
410 3941 543 4020 aliosque
562 3939 760 4022 Byzantinos,
789 3937 878 3998 simili
900 3938 1015 3997 ratione
1037 3937 1183 4018 edendos,
1210 3938 1300 3999 minus

212 4043 382 4104 verecunde
402 4053 652 4124 cunctanterque,
674 4063 762 4124 quam
784 4038 883 4099 adbuc
905 4039 981 4116 saci,
1004 4039 1163 4120 aggrediar.
1206 4039 1298 4102 Habeo

214 4145 293 4205 enim
316 4148 400 4228 prelo
415 4147 474 4206 iam
494 4146 611 4227 pridem
631 4155 735 4226 parata
750 4140 904 4203 Michaelis
919 4143 1008 4203 Pselli
1021 4144 1167 4220 Annales,
1189 4143 1299 4224 Georgii

212 4243 380 4309 Hamartoli
401 4247 589 4324 Chronicou,
606 4245 768 4329 Nicephori
792 4243 940 4324 Gregorae
957 4245 1050 4308 libros
1075 4247 1191 4328 aliquot
1210 4245 1298 4308 adbuc
