<?xml version="1.0" encoding="UTF-8"?>
<!DOCTYPE html PUBLIC "-//W3C//DTD XHTML 1.0 Transitional//EN"
    "http://www.w3.org/TR/xhtml1/DTD/xhtml1-transitional.dtd">
<html xmlns="http://www.w3.org/1999/xhtml" xml:lang="en" lang="en">
 <head>
  <title>
</title>
<meta http-equiv="Content-Type" content="text/html;charset=utf-8" />
  <meta name='ocr-system' content='tesseract 3.04.00' />
  <meta name='ocr-capabilities' content='ocr_page ocr_carea ocr_par ocr_line ocrx_word'/>
</head>
<body>
  <div class='ocr_page' id='page_1' title='image "./leonisdiaconica00theogoog_0158.png"; bbox 0 0 2780 4626; ppageno 0'>
   <div class='ocr_carea' id='block_1_1' title="bbox 248 281 965 358">
    <p class='ocr_par' dir='ltr' id='par_1_1' title="bbox 248 281 965 358">
     <span class='ocr_line' id='line_1_1' title="bbox 248 281 965 358; baseline 0.007 -5"><span class='ocrx_word' id='word_1_1' title='bbox 248 281 324 356; x_wconf 75' lang='grc'><strong><em>108</em></strong></span> <span class='ocrx_word' id='word_1_2' title='bbox 610 285 764 358; x_wconf 81' lang='lat' dir='ltr'><strong>LEONIS</strong></span> <span class='ocrx_word' id='word_1_3' title='bbox 784 285 965 358; x_wconf 80' lang='lat' dir='ltr'><strong>DlACONI</strong></span> 
     </span>
    </p>
   </div>
   <div class='ocr_carea' id='block_1_2' title="bbox 68 439 1390 2384">
    <p class='ocr_par' dir='ltr' id='par_1_2' title="bbox 86 439 1343 538">
     <span class='ocr_line' id='line_1_2' title="bbox 86 439 1343 538; baseline 0.003 -22"><span class='ocrx_word' id='word_1_4' title='bbox 86 465 115 516; x_wconf 80' lang='grc' dir='ltr'><strong><em>Δ.</em></strong></span> <span class='ocrx_word' id='word_1_5' title='bbox 128 465 162 516; x_wconf 80' lang='lat' dir='ltr'><strong><em>ll.</em></strong></span> <span class='ocrx_word' id='word_1_6' title='bbox 175 459 344 521; x_wconf 73' lang='grc' dir='ltr'><strong><em>6478σθαι·</em></strong></span> <span class='ocrx_word' id='word_1_7' title='bbox 369 449 425 518; x_wconf 79' lang='grc' dir='ltr'><strong><em>τὸν</em></strong></span> <span class='ocrx_word' id='word_1_8' title='bbox 446 449 479 516; x_wconf 79' lang='grc' dir='ltr'><strong><em>δέ</em></strong></span> <span class='ocrx_word' id='word_1_9' title='bbox 500 448 639 536; x_wconf 88' lang='grc' dir='ltr'><strong><em>Πέτρον,</em></strong></span> <span class='ocrx_word' id='word_1_10' title='bbox 667 439 762 534; x_wconf 72' lang='grc' dir='ltr'><strong><em>ἀλκῆς</em></strong></span> <span class='ocrx_word' id='word_1_11' title='bbox 782 453 833 516; x_wconf 77' lang='grc' dir='ltr'><strong><em>καὶ</em></strong></span> <span class='ocrx_word' id='word_1_12' title='bbox 854 449 964 536; x_wconf 89' lang='grc' dir='ltr'><strong><em>μένους</em></strong></span> <span class='ocrx_word' id='word_1_13' title='bbox 983 448 1061 538; x_wconf 78' lang='grc' dir='ltr'><strong><em>παρ’·</em></strong></span> <span class='ocrx_word' id='word_1_14' title='bbox 1082 445 1229 518; x_wconf 83' lang='grc' dir='ltr'><strong><em>ύπάνοιαν</em></strong></span> <span class='ocrx_word' id='word_1_15' title='bbox 1249 449 1343 521; x_wconf 82' lang='grc' dir='ltr'><strong><em>ὕπο-</em></strong></span> 
     </span>
    </p>

    <p class='ocr_par' dir='ltr' id='par_1_3' title="bbox 68 533 1375 1050">
     <span class='ocr_line' id='line_1_3' title="bbox 68 533 1344 640; baseline -0.003 -18"><span class='ocrx_word' id='word_1_16' title='bbox 68 571 72 587; x_wconf 86' lang='grc'><strong><em>’</em></strong></span> <span class='ocrx_word' id='word_1_17' title='bbox 118 535 169 586; x_wconf 57' lang='grc' dir='ltr'>Μ</span> <span class='ocrx_word' id='word_1_18' title='bbox 182 533 215 589; x_wconf 72' lang='lat'><strong><em>¹3</em></strong></span> <span class='ocrx_word' id='word_1_19' title='bbox 248 554 441 639; x_wconf 70' lang='grc' dir='ltr'><strong><em>πλησθέντα,</em></strong></span> <span class='ocrx_word' id='word_1_20' title='bbox 467 551 521 618; x_wconf 84' lang='grc' dir='ltr'><strong><em>τὸν</em></strong></span> <span class='ocrx_word' id='word_1_21' title='bbox 540 554 635 618; x_wconf 72' lang='grc' dir='ltr'><strong><em>ἵππον</em></strong></span> <span class='ocrx_word' id='word_1_22' title='bbox 654 577 688 618; x_wconf 90' lang='grc' dir='ltr'><strong><em>τε</em></strong></span> <span class='ocrx_word' id='word_1_23' title='bbox 708 557 852 640; x_wconf 77' lang='grc' dir='ltr'><strong><em>σφοδρῶς</em></strong></span> <span class='ocrx_word' id='word_1_24' title='bbox 873 555 1023 640; x_wconf 78' lang='grc' dir='ltr'><strong><em>κεντρέσαι</em></strong></span> <span class='ocrx_word' id='word_1_25' title='bbox 1043 563 1108 629; x_wconf 75' lang='grc' dir='ltr'><strong><em>τοῖς</em></strong></span> <span class='ocrx_word' id='word_1_26' title='bbox 1127 551 1265 638; x_wconf 56' lang='lat' dir='ltr'><strong>pelops,</strong></span> <span class='ocrx_word' id='word_1_27' title='bbox 1278 555 1344 620; x_wconf 79' lang='grc' dir='ltr'><strong><em>καὶ</em></strong></span> 
     </span>
     <span class='ocr_line' id='line_1_4' title="bbox 245 649 1340 744; baseline -0.002 -19"><span class='ocrx_word' id='word_1_28' title='bbox 245 660 282 725; x_wconf 83' lang='grc' dir='ltr'><strong><em>τὸ</em></strong></span> <span class='ocrx_word' id='word_1_29' title='bbox 298 655 374 744; x_wconf 85' lang='grc' dir='ltr'><strong><em>δάρυ</em></strong></span> <span class='ocrx_word' id='word_1_30' title='bbox 388 659 540 742; x_wconf 83' lang='grc' dir='ltr'><strong><em>κραταιῶς</em></strong></span> <span class='ocrx_word' id='word_1_31' title='bbox 559 653 851 741; x_wconf 82' lang='grc' dir='ltr'><strong><em>διαγκυλησάμενον,</em></strong></span> <span class='ocrx_word' id='word_1_32' title='bbox 879 654 1066 744; x_wconf 78' lang='grc' dir='ltr'><strong><em>ἀμφοτέραις</em></strong></span> <span class='ocrx_word' id='word_1_33' title='bbox 1081 649 1158 722; x_wconf 83' lang='grc' dir='ltr'><strong><em>ὦσαι</em></strong></span> <span class='ocrx_word' id='word_1_34' title='bbox 1179 657 1257 722; x_wconf 83' lang='grc' dir='ltr'><strong><em>κατά</em></strong></span> <span class='ocrx_word' id='word_1_35' title='bbox 1272 661 1340 723; x_wconf 79' lang='grc' dir='ltr'><strong><em>τοῦ</em></strong></span> 
     </span>
     <span class='ocr_line' id='line_1_5' title="bbox 246 754 1336 848; baseline -0.003 -21"><span class='ocrx_word' id='word_1_36' title='bbox 246 761 373 848; x_wconf 84' lang='grc' dir='ltr'><strong><em>στέρνου</em></strong></span> <span class='ocrx_word' id='word_1_37' title='bbox 386 759 441 824; x_wconf 84' lang='grc' dir='ltr'><strong><em>τὸν</em></strong></span> <span class='ocrx_word' id='word_1_38' title='bbox 454 754 600 842; x_wconf 57' lang='grc' dir='ltr'><strong><em>Σκύθην·</em></strong></span> <span class='ocrx_word' id='word_1_39' title='bbox 618 757 700 824; x_wconf 79' lang='grc' dir='ltr'><strong><em>οὕτω</em></strong></span> <span class='ocrx_word' id='word_1_40' title='bbox 715 760 749 823; x_wconf 86' lang='grc' dir='ltr'><strong><em>δέ</em></strong></span> <span class='ocrx_word' id='word_1_41' title='bbox 762 759 905 844; x_wconf 71' lang='grc' dir='ltr'><strong><em>γενέσθαι</em></strong></span> <span class='ocrx_word' id='word_1_42' title='bbox 918 758 975 842; x_wconf 80' lang='grc' dir='ltr'><strong><em>τὴν</em></strong></span> <span class='ocrx_word' id='word_1_43' title='bbox 990 758 1151 846; x_wconf 72' lang='grc' dir='ltr'><strong><em>ἀντέρεισιν</em></strong></span> <span class='ocrx_word' id='word_1_44' title='bbox 1167 760 1336 847; x_wconf 76' lang='grc' dir='ltr'><strong><em>καρτερὰν,</em></strong></span> 
     </span>
     <span class='ocr_line' id='line_1_6' title="bbox 249 857 1375 948; baseline -0.003 -21"><span class='ocrx_word' id='word_1_45' title='bbox 249 861 291 940; x_wconf 82' lang='grc' dir='ltr'><strong><em>ὥς</em></strong></span> <span class='ocrx_word' id='word_1_46' title='bbox 309 863 503 948; x_wconf 80' lang='grc' dir='ltr'><strong><em>δντιτορῆσαι</em></strong></span> <span class='ocrx_word' id='word_1_47' title='bbox 511 909 522 941; x_wconf 88' lang='grc'><strong><em>,</em></strong></span> <span class='ocrx_word' id='word_1_48' title='bbox 550 863 600 925; x_wconf 81' lang='grc' dir='ltr'><strong><em>καὶ</em></strong></span> <span class='ocrx_word' id='word_1_49' title='bbox 623 862 784 944; x_wconf 77' lang='grc' dir='ltr'><strong><em>διαμπερές</em></strong></span> <span class='ocrx_word' id='word_1_50' title='bbox 804 861 882 926; x_wconf 81' lang='grc' dir='ltr'><strong><em>κατὰ</em></strong></span> <span class='ocrx_word' id='word_1_51' title='bbox 896 860 932 927; x_wconf 77' lang='lat' dir='ltr'><strong><em>ud</em></strong></span> <span class='ocrx_word' id='word_1_52' title='bbox 946 857 1134 948; x_wconf 75' lang='grc' dir='ltr'><strong><em>μετάφρενον</em></strong></span> <span class='ocrx_word' id='word_1_53' title='bbox 1152 865 1330 946; x_wconf 82' lang='grc' dir='ltr'><strong><em>διαπτῇναι,</em></strong></span> <span class='ocrx_word' id='word_1_54' title='bbox 1345 867 1375 924; x_wconf 84' lang='grc'><strong><em>6</em></strong></span> 
     </span>
     <span class='ocr_line' id='line_1_7' title="bbox 248 959 1340 1050; baseline 0.002 -21"><span class='ocrx_word' id='word_1_55' title='bbox 248 966 291 1050; x_wconf 78' lang='grc' dir='ltr'><strong><em>μὴ</em></strong></span> <span class='ocrx_word' id='word_1_56' title='bbox 308 961 489 1047; x_wconf 78' lang='grc' dir='ltr'><strong><em>ἀντισχόντα</em></strong></span> <span class='ocrx_word' id='word_1_57' title='bbox 503 961 558 1028; x_wconf 80' lang='grc' dir='ltr'><strong><em>τὸν</em></strong></span> <span class='ocrx_word' id='word_1_58' title='bbox 570 963 758 1028; x_wconf 72' lang='grc' dir='ltr'><strong><em>ἁλυσιδωτὸν</em></strong></span> <span class='ocrx_word' id='word_1_59' title='bbox 776 959 927 1050; x_wconf 75' lang='grc' dir='ltr'><strong><em>θώρακα,</em></strong></span> <span class='ocrx_word' id='word_1_60' title='bbox 955 962 1028 1027; x_wconf 74' lang='grc' dir='ltr'><strong><em>ἀλλ’</em></strong></span> <span class='ocrx_word' id='word_1_61' title='bbox 1052 963 1183 1031; x_wconf 76' lang='grc' dir='ltr'><strong><em>ἄναυδον</em></strong></span> <span class='ocrx_word' id='word_1_62' title='bbox 1202 963 1257 1030; x_wconf 90' lang='grc' dir='ltr'><strong><em>τδν</em></strong></span> <span class='ocrx_word' id='word_1_63' title='bbox 1274 991 1340 1030; x_wconf 85' lang='grc' dir='ltr'><strong><em>πε-</em></strong></span> 
     </span>
    </p>

    <p class='ocr_par' dir='ltr' id='par_1_4' title="bbox 221 1056 1389 1460">
     <span class='ocr_line' id='line_1_8' title="bbox 221 1056 1342 1156; baseline -0.006 -19"><span class='ocrx_word' id='word_1_64' title='bbox 221 1066 361 1153; x_wconf 88' lang='grc' dir='ltr'><strong><em>Βλιύριον</em></strong></span> <span class='ocrx_word' id='word_1_65' title='bbox 383 1069 493 1132; x_wconf 69' lang='grc' dir='ltr'><strong><em>ἐκεῖνον</em></strong></span> <span class='ocrx_word' id='word_1_66' title='bbox 514 1071 771 1152; x_wconf 75' lang='grc' dir='ltr'><strong><em>προσαραχθῆναι</em></strong></span> <span class='ocrx_word' id='word_1_67' title='bbox 782 1072 821 1151; x_wconf 84' lang='grc' dir='ltr'><strong><em>τῇ</em></strong></span> <span class='ocrx_word' id='word_1_68' title='bbox 834 1069 890 1152; x_wconf 81' lang='grc' dir='ltr'><strong><em>γῇ·</em></strong></span> <span class='ocrx_word' id='word_1_69' title='bbox 917 1056 967 1130; x_wconf 80' lang='grc' dir='ltr'><strong><em>καὶ</em></strong></span> <span class='ocrx_word' id='word_1_70' title='bbox 989 1062 1089 1156; x_wconf 82' lang='grc' dir='ltr'><strong><em>τούτῳ</em></strong></span> <span class='ocrx_word' id='word_1_71' title='bbox 1110 1074 1154 1156; x_wconf 81' lang='grc' dir='ltr'><strong><em>τῷ</em></strong></span> <span class='ocrx_word' id='word_1_72' title='bbox 1170 1074 1261 1155; x_wconf 79' lang='grc' dir='ltr'><strong><em>καινῷ</em></strong></span> <span class='ocrx_word' id='word_1_73' title='bbox 1280 1069 1342 1132; x_wconf 74' lang='grc' dir='ltr'><strong><em>καὶ</em></strong></span> 
     </span>
     <span class='ocr_line' id='line_1_9' title="bbox 246 1163 1341 1258; baseline -0.002 -22"><span class='ocrx_word' id='word_1_74' title='bbox 246 1171 321 1258; x_wconf 80' lang='grc' dir='ltr'><strong><em>ξένῳ</em></strong></span> <span class='ocrx_word' id='word_1_75' title='bbox 342 1167 477 1252; x_wconf 71' lang='grc' dir='ltr'><strong><em>θεάματι</em></strong></span> <span class='ocrx_word' id='word_1_76' title='bbox 498 1167 730 1253; x_wconf 69' lang='grc' dir='ltr'><strong><em>καταπλαγῆναί</em></strong></span> <span class='ocrx_word' id='word_1_77' title='bbox 748 1193 781 1233; x_wconf 85' lang='grc' dir='ltr'><strong><em>τε</em></strong></span> <span class='ocrx_word' id='word_1_78' title='bbox 801 1167 875 1244; x_wconf 79' lang='grc' dir='ltr'><strong><em>τούς</em></strong></span> <span class='ocrx_word' id='word_1_79' title='bbox 894 1163 1040 1248; x_wconf 74' lang='grc' dir='ltr'><strong><em>Σκύθας,</em></strong></span> <span class='ocrx_word' id='word_1_80' title='bbox 1068 1171 1119 1234; x_wconf 83' lang='grc' dir='ltr'><strong><em>καλ</em></strong></span> <span class='ocrx_word' id='word_1_81' title='bbox 1138 1169 1215 1256; x_wconf 81' lang='grc' dir='ltr'><strong><em>πρὸς</em></strong></span> <span class='ocrx_word' id='word_1_82' title='bbox 1232 1170 1341 1257; x_wconf 82' lang='grc' dir='ltr'><strong><em>φυγὴν</em></strong></span> 
     </span>
     <span class='ocr_line' id='line_1_10' title="bbox 247 1267 1341 1363; baseline -0.003 -24"><span class='ocrx_word' id='word_1_83' title='bbox 247 1273 404 1363; x_wconf 84' lang='grc' dir='ltr'><strong><em>ἇπιδεῖν)·</em></strong></span> <span class='ocrx_word' id='word_1_84' title='bbox 429 1269 550 1346; x_wconf 76' lang='grc' dir='ltr'><strong><em>τούτοις</em></strong></span> <span class='ocrx_word' id='word_1_85' title='bbox 564 1281 628 1348; x_wconf 77' lang='grc' dir='ltr'><strong><em>τοῖς</em></strong></span> <span class='ocrx_word' id='word_1_86' title='bbox 641 1280 822 1356; x_wconf 72' lang='grc' dir='ltr'><strong><em>στρατηγοῖς</em></strong></span> <span class='ocrx_word' id='word_1_87' title='bbox 835 1268 1028 1356; x_wconf 74' lang='grc' dir='ltr'><strong><em>παρήγγειλεν</em></strong></span> <span class='ocrx_word' id='word_1_88' title='bbox 1049 1267 1065 1336; x_wconf 81' lang='grc' dir='ltr'><em>ὃ</em></span> <span class='ocrx_word' id='word_1_89' title='bbox 1086 1272 1247 1354; x_wconf 85' lang='grc' dir='ltr'><strong><em>βασιλεύς,</em></strong></span> <span class='ocrx_word' id='word_1_90' title='bbox 1275 1271 1341 1348; x_wconf 83' lang='grc' dir='ltr'><strong><em>τὰς</em></strong></span> 
     </span>
     <span class='ocr_line' id='line_1_11' title="bbox 247 1363 1389 1460; baseline -0.004 -18"><span class='ocrx_word' id='word_1_91' title='bbox 247 1373 389 1459; x_wconf 88' lang='grc' dir='ltr'><strong><em>δυνάμεις</em></strong></span> <span class='ocrx_word' id='word_1_92' title='bbox 405 1372 606 1460; x_wconf 80' lang='grc' dir='ltr'><strong><em>ἀνειληφότας</em></strong></span> <span class='ocrx_word' id='word_1_93' title='bbox 627 1376 675 1439; x_wconf 70' lang='grc' dir='ltr'><strong><em>ἐπὶ</em></strong></span> <span class='ocrx_word' id='word_1_94' title='bbox 695 1374 752 1458; x_wconf 74' lang='grc' dir='ltr'><strong><em>τὴν</em></strong></span> <span class='ocrx_word' id='word_1_95' title='bbox 772 1372 885 1459; x_wconf 81' lang='grc' dir='ltr'><strong><em>ὅμορον</em></strong></span> <span class='ocrx_word' id='word_1_96' title='bbox 901 1375 950 1438; x_wconf 81' lang='grc' dir='ltr'><strong><em>καλ</em></strong></span> <span class='ocrx_word' id='word_1_97' title='bbox 967 1372 1166 1460; x_wconf 83' lang='grc' dir='ltr'><strong><em>άγχιτέρμονα</em></strong></span> <span class='ocrx_word' id='word_1_98' title='bbox 1181 1381 1237 1458; x_wconf 82' lang='grc' dir='ltr'><strong><em>τῆς</em></strong></span> <span class='ocrx_word' id='word_1_99' title='bbox 1250 1363 1336 1441; x_wconf 84' lang='grc' dir='ltr'><strong><em>Μυ-Ι</em></strong></span> <span class='ocrx_word' id='word_1_100' title='bbox 1353 1383 1389 1438; x_wconf 76' lang='grc'><strong><em>1·</em></strong></span> 
     </span>
    </p>

    <p class='ocr_par' dir='ltr' id='par_1_5' title="bbox 85 1473 1390 2078">
     <span class='ocr_line' id='line_1_12' title="bbox 85 1473 1339 1566; baseline 0.001 -25"><span class='ocrx_word' id='word_1_101' title='bbox 85 1491 140 1542; x_wconf 80' lang='lat' dir='ltr'><strong>Ful.</strong></span> <span class='ocrx_word' id='word_1_102' title='bbox 153 1488 207 1544; x_wconf 80' lang='lat'><strong><em>802</em></strong></span> <span class='ocrx_word' id='word_1_103' title='bbox 221 1505 242 1542; x_wconf 90' lang='lat' dir='ltr'><strong><em>r.</em></strong></span> <span class='ocrx_word' id='word_1_104' title='bbox 250 1480 320 1554; x_wconf 86' lang='grc' dir='ltr'><strong><em>σέας</em></strong></span> <span class='ocrx_word' id='word_1_105' title='bbox 336 1480 519 1561; x_wconf 81' lang='grc' dir='ltr'><strong><em>διαβαίνειν·</em></strong></span> <span class='ocrx_word' id='word_1_106' title='bbox 545 1478 607 1542; x_wconf 71' lang='lat' dir='ltr'><strong>licei</strong></span> <span class='ocrx_word' id='word_1_107' title='bbox 621 1501 654 1541; x_wconf 91' lang='grc' dir='ltr'><strong><em>τε</em></strong></span> <span class='ocrx_word' id='word_1_108' title='bbox 676 1473 889 1559; x_wconf 81' lang='grc' dir='ltr'><strong><em>διαχειμάζειν,</em></strong></span> <span class='ocrx_word' id='word_1_109' title='bbox 917 1477 968 1540; x_wconf 80' lang='grc' dir='ltr'><strong><em>καὶ</em></strong></span> <span class='ocrx_word' id='word_1_110' title='bbox 989 1473 1148 1559; x_wconf 78' lang='grc' dir='ltr'><strong><em>γυμνάζειν</em></strong></span> <span class='ocrx_word' id='word_1_111' title='bbox 1163 1477 1219 1562; x_wconf 76' lang='grc' dir='ltr'><strong><em>τὴν</em></strong></span> <span class='ocrx_word' id='word_1_112' title='bbox 1235 1501 1339 1566; x_wconf 90' lang='grc' dir='ltr'><strong><em>στρα-</em></strong></span> 
     </span>
     <span class='ocr_line' id='line_1_13' title="bbox 249 1574 1338 1668; baseline -0.004 -20"><span class='ocrx_word' id='word_1_113' title='bbox 249 1581 335 1664; x_wconf 82' lang='grc' dir='ltr'><strong><em>τιάν,</em></strong></span> <span class='ocrx_word' id='word_1_114' title='bbox 363 1581 481 1647; x_wconf 80' lang='grc' dir='ltr'><strong><em>καὶτὸν</em></strong></span> <span class='ocrx_word' id='word_1_115' title='bbox 495 1585 598 1665; x_wconf 82' lang='grc' dir='ltr'><strong><em>χῶρον</em></strong></span> <span class='ocrx_word' id='word_1_116' title='bbox 618 1579 781 1665; x_wconf 83' lang='grc' dir='ltr'><strong><em>περιέπειν,</em></strong></span> <span class='ocrx_word' id='word_1_117' title='bbox 810 1575 852 1654; x_wconf 81' lang='grc' dir='ltr'><strong><em>ὥς</em></strong></span> <span class='ocrx_word' id='word_1_118' title='bbox 864 1574 908 1661; x_wconf 83' lang='grc' dir='ltr'><strong><em>μή</em></strong></span> <span class='ocrx_word' id='word_1_119' title='bbox 923 1601 969 1652; x_wconf 90' lang='grc' dir='ltr'><strong><em>τις</em></strong></span> <span class='ocrx_word' id='word_1_120' title='bbox 988 1577 1032 1660; x_wconf 73' lang='grc' dir='ltr'><strong><em>εἴη</em></strong></span> <span class='ocrx_word' id='word_1_121' title='bbox 1047 1577 1148 1668; x_wconf 82' lang='grc' dir='ltr'><strong><em>τούτῳ</em></strong></span> <span class='ocrx_word' id='word_1_122' title='bbox 1163 1577 1248 1663; x_wconf 84' lang='grc' dir='ltr'><strong><em>λάβη</em></strong></span> <span class='ocrx_word' id='word_1_123' title='bbox 1263 1590 1338 1655; x_wconf 85' lang='grc' dir='ltr'><strong><em>ταῖς</em></strong></span> 
     </span>
     <span class='ocr_line' id='line_1_14' title="bbox 249 1676 1337 1771; baseline -0.003 -20"><span class='ocrx_word' id='word_1_124' title='bbox 249 1685 412 1771; x_wconf 73' lang='grc' dir='ltr'><strong><em>ἐκδρομαῖς</em></strong></span> <span class='ocrx_word' id='word_1_125' title='bbox 424 1689 485 1749; x_wconf 83' lang='grc' dir='ltr'><strong><em>τῶν</em></strong></span> <span class='ocrx_word' id='word_1_126' title='bbox 500 1687 651 1747; x_wconf 75' lang='grc' dir='ltr'><strong><em>Σκυδῶν·</em></strong></span> <span class='ocrx_word' id='word_1_127' title='bbox 668 1681 698 1755; x_wconf 76' lang='grc' dir='ltr'><strong><em>ές</em></strong></span> <span class='ocrx_word' id='word_1_128' title='bbox 712 1707 743 1746; x_wconf 87' lang='grc' dir='ltr'><strong><em>τε</em></strong></span> <span class='ocrx_word' id='word_1_129' title='bbox 757 1681 813 1755; x_wconf 85' lang='grc' dir='ltr'><strong><em>τάς</em></strong></span> <span class='ocrx_word' id='word_1_130' title='bbox 826 1676 963 1755; x_wconf 75' lang='grc' dir='ltr'><strong><em>ἐπαύλεις</em></strong></span> <span class='ocrx_word' id='word_1_131' title='bbox 977 1682 1028 1744; x_wconf 85' lang='grc' dir='ltr'><strong><em>καλ</em></strong></span> <span class='ocrx_word' id='word_1_132' title='bbox 1042 1681 1081 1746; x_wconf 84' lang='grc' dir='ltr'><strong><em>τά</em></strong></span> <span class='ocrx_word' id='word_1_133' title='bbox 1096 1680 1161 1765; x_wconf 74' lang='grc' dir='ltr'><strong><em>ἤθη</em></strong></span> <span class='ocrx_word' id='word_1_134' title='bbox 1176 1687 1239 1747; x_wconf 83' lang='grc' dir='ltr'><strong><em>τῶν</em></strong></span> <span class='ocrx_word' id='word_1_135' title='bbox 1254 1684 1337 1748; x_wconf 73' lang='grc' dir='ltr'><strong><em>δύσ-</em></strong></span> 
     </span>
     <span class='ocr_line' id='line_1_15' title="bbox 248 1781 1337 1872; baseline -0.003 -20"><span class='ocrx_word' id='word_1_136' title='bbox 248 1793 348 1872; x_wconf 82' lang='grc' dir='ltr'><strong><em>μενῶν</em></strong></span> <span class='ocrx_word' id='word_1_137' title='bbox 376 1781 562 1870; x_wconf 86' lang='grc' dir='ltr'><strong><em>διγλιύσσους</em></strong></span> <span class='ocrx_word' id='word_1_138' title='bbox 584 1782 699 1870; x_wconf 72' lang='grc' dir='ltr'><strong><em>ἄνδρας</em></strong></span> <span class='ocrx_word' id='word_1_139' title='bbox 723 1785 880 1866; x_wconf 73' lang='grc' dir='ltr'><strong><em>ἐκπέμπειν</em></strong></span> <span class='ocrx_word' id='word_1_140' title='bbox 905 1783 1060 1850; x_wconf 74' lang='grc' dir='ltr'><strong><em>Σκυθικὸν</em></strong></span> <span class='ocrx_word' id='word_1_141' title='bbox 1087 1783 1337 1868; x_wconf 75' lang='grc' dir='ltr'><strong><em>ἠμπιοχημένους</em></strong></span> 
     </span>
     <span class='ocr_line' id='line_1_16' title="bbox 249 1883 1390 1974; baseline -0.002 -20"><span class='ocrx_word' id='word_1_142' title='bbox 249 1887 414 1972; x_wconf 75' lang='grc' dir='ltr'><strong><em>ἱματισμὸν</em></strong></span> <span class='ocrx_word' id='word_1_143' title='bbox 419 1936 430 1968; x_wconf 88' lang='grc'><strong><em>,</em></strong></span> <span class='ocrx_word' id='word_1_144' title='bbox 459 1883 502 1962; x_wconf 80' lang='grc' dir='ltr'><strong><em>ὥς</em></strong></span> <span class='ocrx_word' id='word_1_145' title='bbox 521 1885 561 1951; x_wconf 85' lang='grc' dir='ltr'><strong><em>τά</em></strong></span> <span class='ocrx_word' id='word_1_146' title='bbox 585 1892 673 1974; x_wconf 81' lang='grc' dir='ltr'><strong><em>σφῶν</em></strong></span> <span class='ocrx_word' id='word_1_147' title='bbox 694 1883 855 1968; x_wconf 90' lang='grc' dir='ltr'><strong><em>διαβούλια</em></strong></span> <span class='ocrx_word' id='word_1_148' title='bbox 879 1895 976 1970; x_wconf 78' lang='grc' dir='ltr'><strong><em>γνοῖεν</em></strong></span> <span class='ocrx_word' id='word_1_149' title='bbox 982 1933 993 1966; x_wconf 90' lang='grc'><strong><em>,</em></strong></span> <span class='ocrx_word' id='word_1_150' title='bbox 1021 1888 1072 1950; x_wconf 83' lang='grc' dir='ltr'><strong><em>καλ</em></strong></span> <span class='ocrx_word' id='word_1_151' title='bbox 1093 1891 1216 1969; x_wconf 85' lang='grc' dir='ltr'><strong><em>βασιλεῖ</em></strong></span> <span class='ocrx_word' id='word_1_152' title='bbox 1231 1893 1334 1952; x_wconf 77' lang='grc' dir='ltr'><strong><em>ταῦτα</em></strong></span> <span class='ocrx_word' id='word_1_153' title='bbox 1377 1908 1390 1927; x_wconf 60' lang='lat'><strong>⁴</strong></span> 
     </span>
     <span class='ocr_line' id='line_1_17' title="bbox 246 1979 1335 2078; baseline -0.002 -22"><span class='ocrx_word' id='word_1_154' title='bbox 246 1987 417 2078; x_wconf 90' lang='grc' dir='ltr'><strong><em>κατάφωρα</em></strong></span> <span class='ocrx_word' id='word_1_155' title='bbox 427 1991 586 2076; x_wconf 81' lang='grc' dir='ltr'><strong><em>γίγνοιντο.</em></strong></span> <span class='ocrx_word' id='word_1_156' title='bbox 619 1989 676 2072; x_wconf 84' lang='grc' dir='ltr'><strong><em>τὴν</em></strong></span> <span class='ocrx_word' id='word_1_157' title='bbox 688 1985 832 2071; x_wconf 85' lang='grc' dir='ltr'><strong><em>τοιαύτην</em></strong></span> <span class='ocrx_word' id='word_1_158' title='bbox 846 1979 900 2052; x_wconf 79' lang='grc' dir='ltr'><strong><em>ούν</em></strong></span> <span class='ocrx_word' id='word_1_159' title='bbox 915 1984 1009 2075; x_wconf 90' lang='grc' dir='ltr'><strong><em>φάσιν</em></strong></span> <span class='ocrx_word' id='word_1_160' title='bbox 1023 1988 1100 2076; x_wconf 85' lang='grc' dir='ltr'><strong><em>πρὸς</em></strong></span> <span class='ocrx_word' id='word_1_161' title='bbox 1113 1994 1169 2054; x_wconf 77' lang='grc' dir='ltr'><strong><em>τοῦ</em></strong></span> <span class='ocrx_word' id='word_1_162' title='bbox 1181 1989 1335 2072; x_wconf 89' lang='grc' dir='ltr'><strong><em>βασιλέως</em></strong></span> 
     </span>
    </p>

    <p class='ocr_par' dir='ltr' id='par_1_6' title="bbox 216 2086 979 2181">
     <span class='ocr_line' id='line_1_18' title="bbox 216 2086 979 2181; baseline -0.01 -17"><span class='ocrx_word' id='word_1_163' title='bbox 216 2091 418 2181; x_wconf 67' lang='grc' dir='ltr'><strong><em>(ἓελληφάτες,</em></strong></span> <span class='ocrx_word' id='word_1_164' title='bbox 446 2091 502 2175; x_wconf 80' lang='grc' dir='ltr'><strong><em>τὴν</em></strong></span> <span class='ocrx_word' id='word_1_165' title='bbox 516 2087 667 2176; x_wconf 82' lang='grc' dir='ltr'><strong><em>Εάριύπην</em></strong></span> <span class='ocrx_word' id='word_1_166' title='bbox 682 2086 979 2173; x_wconf 76' lang='grc' dir='ltr'><strong><em>καταλαμβάνουσιν.</em></strong></span> 
     </span>
    </p>

    <p class='ocr_par' dir='ltr' id='par_1_7' title="bbox 247 2187 1334 2384">
     <span class='ocr_line' id='line_1_19' title="bbox 323 2187 1331 2279; baseline 0 -20"><span class='ocrx_word' id='word_1_167' title='bbox 323 2192 364 2278; x_wconf 83' lang='grc' dir='ltr'><strong><em>ιβ</em></strong></span> <span class='ocrx_word' id='word_1_168' title='bbox 367 2245 374 2261; x_wconf 94' lang='grc'><em>.</em></span> <span class='ocrx_word' id='word_1_169' title='bbox 403 2191 626 2279; x_wconf 70' lang='grc' dir='ltr'><strong><em>Ταυροσκύδαι</em></strong></span> <span class='ocrx_word' id='word_1_170' title='bbox 651 2195 702 2274; x_wconf 84' lang='grc' dir='ltr'><strong><em>δέ,</em></strong></span> <span class='ocrx_word' id='word_1_171' title='bbox 730 2192 786 2277; x_wconf 74' lang='grc' dir='ltr'><strong><em>τὴν</em></strong></span> <span class='ocrx_word' id='word_1_172' title='bbox 807 2189 925 2258; x_wconf 87' lang='grc' dir='ltr'><strong><em>τούτων</em></strong></span> <span class='ocrx_word' id='word_1_173' title='bbox 944 2192 1157 2267; x_wconf 73' lang='grc' dir='ltr'><strong><em>ένωτισδέντες</em></strong></span> <span class='ocrx_word' id='word_1_174' title='bbox 1176 2187 1331 2278; x_wconf 84' lang='grc' dir='ltr'><strong><em>διάβασιν,</em></strong></span> 
     </span>
     <span class='ocr_line' id='line_1_20' title="bbox 247 2293 1334 2384; baseline -0.003 -22"><span class='ocrx_word' id='word_1_175' title='bbox 247 2293 420 2384; x_wconf 85' lang='grc' dir='ltr'><strong><em>άπάμοιραν</em></strong></span> <span class='ocrx_word' id='word_1_176' title='bbox 433 2302 489 2380; x_wconf 82' lang='grc' dir='ltr'><strong><em>τῆς</em></strong></span> <span class='ocrx_word' id='word_1_177' title='bbox 509 2295 657 2383; x_wconf 85' lang='grc' dir='ltr'><strong><em>σφετέρας</em></strong></span> <span class='ocrx_word' id='word_1_178' title='bbox 671 2301 817 2383; x_wconf 80' lang='grc' dir='ltr'><strong><em>στρατιᾶς</em></strong></span> <span class='ocrx_word' id='word_1_179' title='bbox 831 2294 1051 2382; x_wconf 82' lang='grc' dir='ltr'><strong><em>διαιρέσαντες,</em></strong></span> <span class='ocrx_word' id='word_1_180' title='bbox 1082 2295 1207 2362; x_wconf 81' lang='grc' dir='ltr'><strong><em>θύννων</em></strong></span> <span class='ocrx_word' id='word_1_181' title='bbox 1225 2322 1257 2361; x_wconf 87' lang='grc' dir='ltr'><strong><em>τε</em></strong></span> <span class='ocrx_word' id='word_1_182' title='bbox 1280 2300 1334 2362; x_wconf 79' lang='grc' dir='ltr'><strong><em>καὶ</em></strong></span> 
     </span>
    </p>
   </div>
   <div class='ocr_carea' id='block_1_3' title="bbox 245 2393 1383 2794">
    <p class='ocr_par' dir='ltr' id='par_1_8' title="bbox 245 2393 1383 2794">
     <span class='ocr_line' id='line_1_21' title="bbox 245 2393 1383 2486; baseline 0 -20"><span class='ocrx_word' id='word_1_183' title='bbox 245 2401 371 2466; x_wconf 84' lang='grc' dir='ltr'><strong><em>Μυσῶν</em></strong></span> <span class='ocrx_word' id='word_1_184' title='bbox 389 2403 512 2482; x_wconf 74' lang='grc' dir='ltr'><strong><em>πλῆθος</em></strong></span> <span class='ocrx_word' id='word_1_185' title='bbox 524 2394 621 2484; x_wconf 82' lang='grc' dir='ltr'><strong><em>ταύτῃ</em></strong></span> <span class='ocrx_word' id='word_1_186' title='bbox 639 2399 937 2486; x_wconf 75' lang='grc' dir='ltr'><strong><em>προσεταιρίσαντις,</em></strong></span> <span class='ocrx_word' id='word_1_187' title='bbox 965 2393 1210 2482; x_wconf 73' lang='grc' dir='ltr'><strong><em>κατάῬωμαέων</em></strong></span> <span class='ocrx_word' id='word_1_188' title='bbox 1220 2410 1383 2484; x_wconf 65' lang='grc' dir='ltr'><strong><em>χωρεῖνῖο</em></strong></span> 
     </span>
     <span class='ocr_line' id='line_1_22' title="bbox 246 2493 1332 2590; baseline 0.001 -25"><span class='ocrx_word' id='word_1_189' title='bbox 246 2498 485 2586; x_wconf 75' lang='grc' dir='ltr'><strong><em>ἐκπεπόμφισοιν.</em></strong></span> <span class='ocrx_word' id='word_1_190' title='bbox 522 2498 591 2586; x_wconf 84' lang='grc' dir='ltr'><strong><em>άρτι</em></strong></span> <span class='ocrx_word' id='word_1_191' title='bbox 608 2501 641 2565; x_wconf 77' lang='grc' dir='ltr'><strong><em>δὲ</em></strong></span> <span class='ocrx_word' id='word_1_192' title='bbox 656 2501 712 2585; x_wconf 79' lang='grc' dir='ltr'><strong><em>τῆν</em></strong></span> <span class='ocrx_word' id='word_1_193' title='bbox 727 2497 844 2566; x_wconf 87' lang='grc' dir='ltr'><strong><em>τούτων</em></strong></span> <span class='ocrx_word' id='word_1_194' title='bbox 854 2498 997 2584; x_wconf 78' lang='grc' dir='ltr'><strong><em>έπηλυσιν</em></strong></span> <span class='ocrx_word' id='word_1_195' title='bbox 1012 2497 1029 2565; x_wconf 80' lang='grc' dir='ltr'><em>ὃ</em></span> <span class='ocrx_word' id='word_1_196' title='bbox 1044 2493 1227 2590; x_wconf 59' lang='grc' dir='ltr'><strong><em>Μάγιιστρος</em></strong></span> <span class='ocrx_word' id='word_1_197' title='bbox 1243 2499 1332 2589; x_wconf 88' lang='grc' dir='ltr'><strong><em>Βάρ-</em></strong></span> 
     </span>
     <span class='ocr_line' id='line_1_23' title="bbox 247 2599 1332 2690; baseline 0.004 -24"><span class='ocrx_word' id='word_1_198' title='bbox 247 2604 305 2677; x_wconf 84' lang='grc' dir='ltr'><strong><em>δας</em></strong></span> <span class='ocrx_word' id='word_1_199' title='bbox 327 2599 510 2683; x_wconf 68' lang='grc' dir='ltr'><strong><em>αἰσθόμενος</em></strong></span> <span class='ocrx_word' id='word_1_200' title='bbox 517 2650 527 2682; x_wconf 86' lang='grc'><strong><em>,</em></strong></span> <span class='ocrx_word' id='word_1_201' title='bbox 556 2603 607 2666; x_wconf 80' lang='grc' dir='ltr'><strong><em>καὶ</em></strong></span> <span class='ocrx_word' id='word_1_202' title='bbox 630 2599 729 2680; x_wconf 80' lang='grc' dir='ltr'><strong><em>άλλως</em></strong></span> <span class='ocrx_word' id='word_1_203' title='bbox 755 2599 889 2687; x_wconf 81' lang='grc' dir='ltr'><strong><em>γενναΐός</em></strong></span> <span class='ocrx_word' id='word_1_204' title='bbox 917 2627 950 2670; x_wconf 88' lang='grc' dir='ltr'><strong><em>τε</em></strong></span> <span class='ocrx_word' id='word_1_205' title='bbox 972 2605 1022 2666; x_wconf 83' lang='grc' dir='ltr'><strong><em>καλ</em></strong></span> <span class='ocrx_word' id='word_1_206' title='bbox 1044 2602 1150 2690; x_wconf 81' lang='grc' dir='ltr'><strong><em>ῥέκτης</em></strong></span> <span class='ocrx_word' id='word_1_207' title='bbox 1175 2601 1332 2690; x_wconf 80' lang='grc' dir='ltr'><strong><em>τυγχάνων</em></strong></span> 
     </span>
     <span class='ocr_line' id='line_1_24' title="bbox 246 2700 1330 2794; baseline 0.004 -26"><span class='ocrx_word' id='word_1_208' title='bbox 246 2703 324 2792; x_wconf 77' lang='grc' dir='ltr'><strong><em>ἀνὴρ</em></strong></span> <span class='ocrx_word' id='word_1_209' title='bbox 332 2753 344 2784; x_wconf 89' lang='lat'><strong>,</strong></span> <span class='ocrx_word' id='word_1_210' title='bbox 369 2700 439 2770; x_wconf 85' lang='grc' dir='ltr'><strong><em>τότε</em></strong></span> <span class='ocrx_word' id='word_1_211' title='bbox 454 2705 488 2772; x_wconf 81' lang='grc' dir='ltr'><strong><em>δέ</em></strong></span> <span class='ocrx_word' id='word_1_212' title='bbox 502 2700 668 2793; x_wconf 84' lang='grc' dir='ltr'><strong><em>σφαδάζων</em></strong></span> <span class='ocrx_word' id='word_1_213' title='bbox 679 2711 773 2794; x_wconf 78' lang='grc' dir='ltr'><strong><em>θυμῷ</em></strong></span> <span class='ocrx_word' id='word_1_214' title='bbox 790 2707 840 2772; x_wconf 84' lang='grc' dir='ltr'><strong><em>καλ</em></strong></span> <span class='ocrx_word' id='word_1_215' title='bbox 853 2701 958 2793; x_wconf 81' lang='grc' dir='ltr'><strong><em>ριύμης</em></strong></span> <span class='ocrx_word' id='word_1_216' title='bbox 969 2702 1067 2793; x_wconf 75' lang='grc' dir='ltr'><strong><em>ὁρμῇ,</em></strong></span> <span class='ocrx_word' id='word_1_217' title='bbox 1095 2707 1167 2782; x_wconf 78' lang='grc' dir='ltr'><strong><em>τούς</em></strong></span> <span class='ocrx_word' id='word_1_218' title='bbox 1182 2706 1257 2794; x_wconf 80' lang='grc' dir='ltr'><strong><em>ἀμφ’</em></strong></span> <span class='ocrx_word' id='word_1_219' title='bbox 1273 2703 1330 2772; x_wconf 84' lang='grc' dir='ltr'><strong><em>αύ-</em></strong></span> 
     </span>
    </p>
   </div>
   <div class='ocr_carea' id='block_1_4' title="bbox 312 2845 1330 3058">
    <p class='ocr_par' dir='ltr' id='par_1_9' title="bbox 312 2845 1330 3058">
     <span class='ocr_line' id='line_1_25' title="bbox 313 2845 1330 2934; baseline -0.015 -28"><span class='ocrx_word' id='word_1_220' title='bbox 313 2848 339 2906; x_wconf 88' lang='grc'><strong><em>5.</em></strong></span> <span class='ocrx_word' id='word_1_221' title='bbox 362 2850 520 2932; x_wconf 59' lang='lat' dir='ltr'><strong>trapetum.</strong></span> <span class='ocrx_word' id='word_1_222' title='bbox 549 2849 591 2902; x_wconf 78' lang='lat' dir='ltr'><strong><em>Ex</em></strong></span> <span class='ocrx_word' id='word_1_223' title='bbox 610 2849 684 2903; x_wconf 81' lang='lat' dir='ltr'><strong>iliad.</strong></span> <span class='ocrx_word' id='word_1_224' title='bbox 702 2852 801 2933; x_wconf 75' lang='lat' dir='ltr'>E·.99&#39;</span> <span class='ocrx_word' id='word_1_225' title='bbox 879 2852 921 2934; x_wconf 55' lang='grc'><strong><em>13.</em></strong></span> <span class='ocrx_word' id='word_1_226' title='bbox 944 2845 1012 2920; x_wconf 81' lang='grc' dir='ltr'><strong><em>η’θη,</em></strong></span> <span class='ocrx_word' id='word_1_227' title='bbox 1040 2849 1129 2904; x_wconf 64' lang='lat' dir='ltr'><strong>Possis</strong></span> <span class='ocrx_word' id='word_1_228' title='bbox 1148 2867 1247 2934; x_wconf 64' lang='lat' dir='ltr'><strong>(pupque</strong></span> <span class='ocrx_word' id='word_1_229' title='bbox 1266 2850 1330 2934; x_wconf 45' lang='grc' dir='ltr'><strong><em>κεῖ..</em></strong></span> 
     </span>
     <span class='ocr_line' id='line_1_26' title="bbox 312 2918 1328 3058; baseline 0.001 -86"><span class='ocrx_word' id='word_1_230' title='bbox 312 2918 665 3058; x_wconf 51' lang='grc' dir='ltr'><strong><em>φρροᾶρροαηηηβηώἀφοοδ</em></strong></span> <span class='ocrx_word' id='word_1_231' title='bbox 685 2927 725 2974; x_wconf 87' lang='lat' dir='ltr'><strong><em>est</em></strong></span> <span class='ocrx_word' id='word_1_232' title='bbox 745 2921 813 2974; x_wconf 77' lang='lat' dir='ltr'><strong>unfra</strong></span> <span class='ocrx_word' id='word_1_233' title='bbox 829 2919 862 2976; x_wconf 86' lang='lat' dir='ltr'><strong><em>D.</em></strong></span> <span class='ocrx_word' id='word_1_234' title='bbox 886 2919 931 2974; x_wconf 78' lang='lat' dir='ltr'><strong>liu·</strong></span> <span class='ocrx_word' id='word_1_235' title='bbox 949 2925 974 2977; x_wconf 87' lang='lat'><strong><em>1.</em></strong></span> <span class='ocrx_word' id='word_1_236' title='bbox 1015 2919 1116 2974; x_wconf 82' lang='lat' dir='ltr'><strong>Tamen</strong></span> <span class='ocrx_word' id='word_1_237' title='bbox 1136 2921 1201 2973; x_wconf 80' lang='lat' dir='ltr'><strong><em>mnu</em></strong></span> <span class='ocrx_word' id='word_1_238' title='bbox 1223 2929 1328 2974; x_wconf 81' lang='lat' dir='ltr'><strong>mutam.</strong></span> 
     </span>
    </p>
   </div>
   <div class='ocr_carea' id='block_1_5' title="bbox 228 3105 1329 4349">
    <p class='ocr_par' dir='ltr' id='par_1_10' title="bbox 228 3105 1329 4014">
     <span class='ocr_line' id='line_1_27' title="bbox 246 3105 1329 3176; baseline -0.002 -14"><span class='ocrx_word' id='word_1_239' title='bbox 246 3125 278 3162; x_wconf 89' lang='lat' dir='ltr'><strong><em>eo</em></strong></span> <span class='ocrx_word' id='word_1_240' title='bbox 293 3107 415 3176; x_wconf 79' lang='lat' dir='ltr'><strong>congredi</strong></span> <span class='ocrx_word' id='word_1_241' title='bbox 427 3109 521 3162; x_wconf 71' lang='lat' dir='ltr'><strong>vellete</strong></span> <span class='ocrx_word' id='word_1_242' title='bbox 538 3109 656 3171; x_wconf 87' lang='lat' dir='ltr'><strong>Petrum,</strong></span> <span class='ocrx_word' id='word_1_243' title='bbox 674 3107 765 3162; x_wconf 84' lang='lat' dir='ltr'><strong>robore</strong></span> <span class='ocrx_word' id='word_1_244' title='bbox 782 3109 891 3162; x_wconf 63' lang='lat' dir='ltr'><strong>„sumto</strong></span> <span class='ocrx_word' id='word_1_245' title='bbox 911 3105 1037 3176; x_wconf 85' lang='lat' dir='ltr'><strong>animique</strong></span> <span class='ocrx_word' id='word_1_246' title='bbox 1056 3106 1245 3176; x_wconf 76' lang='lat' dir='ltr'><strong>magnitudine,</strong></span> <span class='ocrx_word' id='word_1_247' title='bbox 1262 3123 1329 3176; x_wconf 87' lang='lat' dir='ltr'><strong>qaae</strong></span> 
     </span>
     <span class='ocr_line' id='line_1_28' title="bbox 239 3175 1329 3246; baseline 0 -17"><span class='ocrx_word' id='word_1_248' title='bbox 239 3177 353 3230; x_wconf 69' lang='lat' dir='ltr'><strong>,omnium</strong></span> <span class='ocrx_word' id='word_1_249' title='bbox 364 3177 578 3246; x_wconf 74' lang='lat' dir='ltr'><strong>exspectationem</strong></span> <span class='ocrx_word' id='word_1_250' title='bbox 588 3177 717 3238; x_wconf 83' lang='lat' dir='ltr'><strong>vinceret,</strong></span> <span class='ocrx_word' id='word_1_251' title='bbox 736 3177 878 3230; x_wconf 84' lang='lat' dir='ltr'><strong>calcaribus</strong></span> <span class='ocrx_word' id='word_1_252' title='bbox 892 3189 958 3246; x_wconf 89' lang='lat' dir='ltr'><strong>equo</strong></span> <span class='ocrx_word' id='word_1_253' title='bbox 972 3177 1067 3230; x_wconf 88' lang='lat' dir='ltr'><strong>aeriter</strong></span> <span class='ocrx_word' id='word_1_254' title='bbox 1082 3176 1189 3230; x_wconf 87' lang='lat' dir='ltr'><strong>admotis</strong></span> <span class='ocrx_word' id='word_1_255' title='bbox 1201 3183 1228 3228; x_wconf 90' lang='lat' dir='ltr'><strong><em>et</em></strong></span> <span class='ocrx_word' id='word_1_256' title='bbox 1238 3175 1329 3229; x_wconf 86' lang='lat' dir='ltr'><strong>lancea</strong></span> 
     </span>
     <span class='ocr_line' id='line_1_29' title="bbox 244 3243 1329 3316; baseline -0.004 -17"><span class='ocrx_word' id='word_1_257' title='bbox 244 3246 349 3300; x_wconf 70' lang='lat' dir='ltr'><strong>fortiter</strong></span> <span class='ocrx_word' id='word_1_258' title='bbox 362 3247 479 3310; x_wconf 80' lang='lat' dir='ltr'><strong>vibrata,</strong></span> <span class='ocrx_word' id='word_1_259' title='bbox 498 3247 619 3300; x_wconf 85' lang='lat' dir='ltr'><strong>ambabus</strong></span> <span class='ocrx_word' id='word_1_260' title='bbox 632 3262 687 3298; x_wconf 87' lang='lat' dir='ltr'><strong><em>eam</em></strong></span> <span class='ocrx_word' id='word_1_261' title='bbox 700 3246 815 3298; x_wconf 83' lang='lat' dir='ltr'><strong>manibus</strong></span> <span class='ocrx_word' id='word_1_262' title='bbox 827 3246 854 3298; x_wconf 89' lang='lat' dir='ltr'><strong><em>in</em></strong></span> <span class='ocrx_word' id='word_1_263' title='bbox 868 3246 980 3314; x_wconf 78' lang='lat' dir='ltr'><strong>Scythae</strong></span> <span class='ocrx_word' id='word_1_264' title='bbox 993 3252 1082 3316; x_wconf 82' lang='lat' dir='ltr'><strong>peetus</strong></span> <span class='ocrx_word' id='word_1_265' title='bbox 1094 3245 1226 3312; x_wconf 78' lang='lat' dir='ltr'><strong>adegisse3</strong></span> <span class='ocrx_word' id='word_1_266' title='bbox 1240 3243 1329 3314; x_wconf 86' lang='lat' dir='ltr'><strong>itaque</strong></span> 
     </span>
     <span class='ocr_line' id='line_1_30' title="bbox 243 3311 1329 3384; baseline -0.005 -15"><span class='ocrx_word' id='word_1_267' title='bbox 243 3315 358 3370; x_wconf 80' lang='lat' dir='ltr'><strong>validum</strong></span> <span class='ocrx_word' id='word_1_268' title='bbox 370 3315 448 3368; x_wconf 83' lang='lat' dir='ltr'><strong>lirisse</strong></span> <span class='ocrx_word' id='word_1_269' title='bbox 465 3315 558 3379; x_wconf 88' lang='lat' dir='ltr'><strong>ictum,</strong></span> <span class='ocrx_word' id='word_1_270' title='bbox 576 3319 606 3366; x_wconf 89' lang='lat' dir='ltr'><strong>ut</strong></span> <span class='ocrx_word' id='word_1_271' title='bbox 624 3315 753 3384; x_wconf 82' lang='lat' dir='ltr'><strong>perforato</strong></span> <span class='ocrx_word' id='word_1_272' title='bbox 770 3332 878 3383; x_wconf 87' lang='lat' dir='ltr'><strong>corpore</strong></span> <span class='ocrx_word' id='word_1_273' title='bbox 899 3315 986 3383; x_wconf 76' lang='lat' dir='ltr'><strong>cuspin</strong></span> <span class='ocrx_word' id='word_1_274' title='bbox 1003 3315 1037 3367; x_wconf 82' lang='lat' dir='ltr'><strong><em>ad</em></strong></span> <span class='ocrx_word' id='word_1_275' title='bbox 1056 3315 1155 3366; x_wconf 83' lang='lat' dir='ltr'><strong>dorsum</strong></span> <span class='ocrx_word' id='word_1_276' title='bbox 1174 3311 1329 3382; x_wconf 80' lang='lat' dir='ltr'><strong>pervolaret,</strong></span> 
     </span>
     <span class='ocr_line' id='line_1_31' title="bbox 228 3381 1329 3502; baseline -0.003 -67"><span class='ocrx_word' id='word_1_277' title='bbox 228 3437 231 3446; x_wconf 73' lang='grc'>,</span> <span class='ocrx_word' id='word_1_278' title='bbox 244 3383 325 3436; x_wconf 74' lang='lat' dir='ltr'><strong>hannis</strong></span> <span class='ocrx_word' id='word_1_279' title='bbox 335 3391 454 3436; x_wconf 85' lang='lat' dir='ltr'><strong>conserta</strong></span> <span class='ocrx_word' id='word_1_280' title='bbox 465 3384 546 3436; x_wconf 85' lang='lat' dir='ltr'><strong>lorica</strong></span> <span class='ocrx_word' id='word_1_281' title='bbox 558 3382 753 3453; x_wconf 74' lang='lat' dir='ltr'><strong>haudquaquam</strong></span> <span class='ocrx_word' id='word_1_282' title='bbox 764 3383 902 3453; x_wconf 86' lang='lat' dir='ltr'><strong>prohibita,</strong></span> <span class='ocrx_word' id='word_1_283' title='bbox 918 3383 1083 3502; x_wconf 78' lang='lat' dir='ltr'><strong>immanistpue</strong></span> <span class='ocrx_word' id='word_1_284' title='bbox 1094 3382 1175 3434; x_wconf 83' lang='lat' dir='ltr'><strong>hostis</strong></span> <span class='ocrx_word' id='word_1_285' title='bbox 1185 3381 1252 3434; x_wconf 85' lang='lat' dir='ltr'><strong>nulla</strong></span> <span class='ocrx_word' id='word_1_286' title='bbox 1263 3399 1329 3434; x_wconf 81' lang='lat' dir='ltr'><strong>voce</strong></span> 
     </span>
     <span class='ocr_line' id='line_1_32' title="bbox 243 3451 1328 3522; baseline 0 -20"><span class='ocrx_word' id='word_1_287' title='bbox 243 3452 336 3503; x_wconf 84' lang='lat' dir='ltr'><strong>emissa</strong></span> <span class='ocrx_word' id='word_1_288' title='bbox 353 3452 422 3503; x_wconf 87' lang='lat' dir='ltr'><strong>humi</strong></span> <span class='ocrx_word' id='word_1_289' title='bbox 444 3457 615 3505; x_wconf 76' lang='lat' dir='ltr'><strong>sterneretur:</strong></span> <span class='ocrx_word' id='word_1_290' title='bbox 633 3469 685 3520; x_wconf 91' lang='lat' dir='ltr'><strong><em>quo</em></strong></span> <span class='ocrx_word' id='word_1_291' title='bbox 705 3469 770 3505; x_wconf 79' lang='lat' dir='ltr'><strong>nouo</strong></span> <span class='ocrx_word' id='word_1_292' title='bbox 787 3453 900 3522; x_wconf 87' lang='lat' dir='ltr'><strong>miroque</strong></span> <span class='ocrx_word' id='word_1_293' title='bbox 920 3458 1066 3521; x_wconf 87' lang='lat' dir='ltr'><strong>spectacuo</strong></span> <span class='ocrx_word' id='word_1_294' title='bbox 1092 3451 1196 3503; x_wconf 89' lang='lat' dir='ltr'><strong>territos</strong></span> <span class='ocrx_word' id='word_1_295' title='bbox 1218 3451 1328 3518; x_wconf 67' lang='grc' dir='ltr'><strong><em>δογτλιιιο</em></strong></span> 
     </span>
     <span class='ocr_line' id='line_1_33' title="bbox 244 3517 1328 3604; baseline 0 -34"><span class='ocrx_word' id='word_1_296' title='bbox 244 3519 330 3586; x_wconf 77' lang='lat' dir='ltr'><strong>iugera</strong></span> <span class='ocrx_word' id='word_1_297' title='bbox 341 3519 513 3588; x_wconf 82' lang='lat' dir='ltr'><strong>respexisso)=</strong></span> <span class='ocrx_word' id='word_1_298' title='bbox 531 3522 577 3573; x_wconf 86' lang='lat' dir='ltr'><strong><em>hos</em></strong></span> <span class='ocrx_word' id='word_1_299' title='bbox 588 3519 666 3572; x_wconf 85' lang='lat' dir='ltr'><strong>duces</strong></span> <span class='ocrx_word' id='word_1_300' title='bbox 681 3521 823 3604; x_wconf 73' lang='lat' dir='ltr'><strong>Imperator</strong></span> <span class='ocrx_word' id='word_1_301' title='bbox 836 3520 911 3573; x_wconf 86' lang='lat' dir='ltr'><strong>iussit</strong></span> <span class='ocrx_word' id='word_1_302' title='bbox 930 3521 1047 3574; x_wconf 84' lang='lat' dir='ltr'><strong>aasumtis</strong></span> <span class='ocrx_word' id='word_1_303' title='bbox 1063 3519 1172 3572; x_wconf 85' lang='lat' dir='ltr'><strong>numeris</strong></span> <span class='ocrx_word' id='word_1_304' title='bbox 1191 3519 1220 3571; x_wconf 88' lang='lat' dir='ltr'><strong><em>in</em></strong></span> <span class='ocrx_word' id='word_1_305' title='bbox 1243 3517 1328 3572; x_wconf 81' lang='lat' dir='ltr'><strong>vicina</strong></span> 
     </span>
     <span class='ocr_line' id='line_1_34' title="bbox 244 3587 1327 3660; baseline 0 -20"><span class='ocrx_word' id='word_1_306' title='bbox 244 3594 272 3640; x_wconf 89' lang='lat' dir='ltr'><strong><em>et</em></strong></span> <span class='ocrx_word' id='word_1_307' title='bbox 283 3587 389 3640; x_wconf 84' lang='lat' dir='ltr'><strong>finitima</strong></span> <span class='ocrx_word' id='word_1_308' title='bbox 404 3588 560 3642; x_wconf 81' lang='lat' dir='ltr'><strong>descendere</strong></span> <span class='ocrx_word' id='word_1_309' title='bbox 573 3588 702 3652; x_wconf 81' lang='lat' dir='ltr'><strong>Moesiae,</strong></span> <span class='ocrx_word' id='word_1_310' title='bbox 718 3589 801 3660; x_wconf 82' lang='lat' dir='ltr'><strong>risque</strong></span> <span class='ocrx_word' id='word_1_311' title='bbox 814 3589 841 3642; x_wconf 85' lang='lat' dir='ltr'><strong><em>in</em></strong></span> <span class='ocrx_word' id='word_1_312' title='bbox 860 3589 923 3642; x_wconf 85' lang='lat' dir='ltr'><strong>locis</strong></span> <span class='ocrx_word' id='word_1_313' title='bbox 937 3589 1042 3643; x_wconf 79' lang='lat' dir='ltr'><strong>hiberna</strong></span> <span class='ocrx_word' id='word_1_314' title='bbox 1055 3589 1222 3642; x_wconf 85' lang='lat' dir='ltr'><strong>constituere:</strong></span> <span class='ocrx_word' id='word_1_315' title='bbox 1241 3587 1327 3656; x_wconf 86' lang='lat' dir='ltr'><strong>copias</strong></span> 
     </span>
     <span class='ocr_line' id='line_1_35' title="bbox 243 3655 1328 3780; baseline 0.001 -73"><span class='ocrx_word' id='word_1_316' title='bbox 243 3655 380 3724; x_wconf 78' lang='lat' dir='ltr'><strong>diligenter</strong></span> <span class='ocrx_word' id='word_1_317' title='bbox 393 3667 559 3722; x_wconf 83' lang='lat' dir='ltr'><strong>exercerent,</strong></span> <span class='ocrx_word' id='word_1_318' title='bbox 576 3658 677 3710; x_wconf 86' lang='lat' dir='ltr'><strong>obirent</strong></span> <span class='ocrx_word' id='word_1_319' title='bbox 693 3659 836 3728; x_wconf 78' lang='lat' dir='ltr'><strong>regionem,</strong></span> <span class='ocrx_word' id='word_1_320' title='bbox 853 3674 885 3712; x_wconf 91' lang='lat' dir='ltr'><strong><em>ne</em></strong></span> <span class='ocrx_word' id='word_1_321' title='bbox 904 3658 964 3780; x_wconf 61' lang='lat' dir='ltr'><strong>(puisi</strong></span> <span class='ocrx_word' id='word_1_322' title='bbox 977 3657 1128 3710; x_wconf 74' lang='lat' dir='ltr'><strong>calamitatis</strong></span> <span class='ocrx_word' id='word_1_323' title='bbox 1148 3674 1181 3710; x_wconf 86' lang='lat' dir='ltr'><strong><em>ex</em></strong></span> <span class='ocrx_word' id='word_1_324' title='bbox 1192 3657 1328 3710; x_wconf 78' lang='lat' dir='ltr'><strong>[iussorum</strong></span> 
     </span>
     <span class='ocr_line' id='line_1_36' title="bbox 241 3723 1327 3796; baseline -0.001 -20"><span class='ocrx_word' id='word_1_325' title='bbox 241 3723 427 3778; x_wconf 68' lang='lat' dir='ltr'><strong>incursionibus</strong></span> <span class='ocrx_word' id='word_1_326' title='bbox 437 3727 579 3796; x_wconf 84' lang='lat' dir='ltr'><strong>acciperet:</strong></span> <span class='ocrx_word' id='word_1_327' title='bbox 596 3742 644 3796; x_wconf 86' lang='lat' dir='ltr'><strong><em>per</em></strong></span> <span class='ocrx_word' id='word_1_328' title='bbox 659 3727 782 3780; x_wconf 83' lang='lat' dir='ltr'><strong>stationes</strong></span> <span class='ocrx_word' id='word_1_329' title='bbox 796 3733 823 3778; x_wconf 90' lang='lat' dir='ltr'><strong><em>et</em></strong></span> <span class='ocrx_word' id='word_1_330' title='bbox 841 3726 898 3779; x_wconf 86' lang='lat' dir='ltr'><strong>loca</strong></span> <span class='ocrx_word' id='word_1_331' title='bbox 932 3727 1025 3780; x_wconf 85' lang='lat' dir='ltr'><strong>ostium</strong></span> <span class='ocrx_word' id='word_1_332' title='bbox 1044 3727 1114 3780; x_wconf 87' lang='lat' dir='ltr'><strong>viros</strong></span> <span class='ocrx_word' id='word_1_333' title='bbox 1128 3734 1260 3794; x_wconf 85' lang='lat' dir='ltr'><strong>utramque</strong></span> <span class='ocrx_word' id='word_1_334' title='bbox 1278 3723 1327 3776; x_wconf 91' lang='lat' dir='ltr'><strong>lin-</strong></span> 
     </span>
     <span class='ocr_line' id='line_1_37' title="bbox 241 3792 1327 3865; baseline -0.002 -20"><span class='ocrx_word' id='word_1_335' title='bbox 241 3809 317 3861; x_wconf 64' lang='lat' dir='ltr'><strong>guam</strong></span> <span class='ocrx_word' id='word_1_336' title='bbox 338 3794 460 3848; x_wconf 83' lang='lat' dir='ltr'><strong>callentes</strong></span> <span class='ocrx_word' id='word_1_337' title='bbox 482 3797 626 3848; x_wconf 85' lang='lat' dir='ltr'><strong>emitterent</strong></span> <span class='ocrx_word' id='word_1_338' title='bbox 646 3796 768 3865; x_wconf 79' lang='lat' dir='ltr'><strong>Scythico</strong></span> <span class='ocrx_word' id='word_1_339' title='bbox 783 3812 853 3851; x_wconf 88' lang='lat' dir='ltr'><strong>more</strong></span> <span class='ocrx_word' id='word_1_340' title='bbox 870 3797 995 3859; x_wconf 74' lang='lat' dir='ltr'><strong>vestitor,</strong></span> <span class='ocrx_word' id='word_1_341' title='bbox 1011 3795 1054 3865; x_wconf 90' lang='lat' dir='ltr'><strong><em>qui</em></strong></span> <span class='ocrx_word' id='word_1_342' title='bbox 1072 3795 1105 3848; x_wconf 90' lang='lat' dir='ltr'><strong><em>de</em></strong></span> <span class='ocrx_word' id='word_1_343' title='bbox 1117 3811 1201 3848; x_wconf 83' lang='lat' dir='ltr'><strong>eorum</strong></span> <span class='ocrx_word' id='word_1_344' title='bbox 1216 3792 1327 3845; x_wconf 88' lang='lat' dir='ltr'><strong>consiliis</strong></span> 
     </span>
     <span class='ocr_line' id='line_1_38' title="bbox 241 3861 1327 3934; baseline -0.001 -20"><span class='ocrx_word' id='word_1_345' title='bbox 241 3867 443 3930; x_wconf 73' lang='lat' dir='ltr'><strong>cognoscerent,</strong></span> <span class='ocrx_word' id='word_1_346' title='bbox 461 3864 530 3918; x_wconf 88' lang='lat' dir='ltr'><strong>unde</strong></span> <span class='ocrx_word' id='word_1_347' title='bbox 542 3881 574 3917; x_wconf 85' lang='lat' dir='ltr'><strong><em>eo</em></strong></span> <span class='ocrx_word' id='word_1_348' title='bbox 586 3864 737 3933; x_wconf 77' lang='lat' dir='ltr'><strong>patefierent</strong></span> <span class='ocrx_word' id='word_1_349' title='bbox 748 3865 904 3934; x_wconf 85' lang='lat' dir='ltr'><strong>imperatori.</strong></span> <span class='ocrx_word' id='word_1_350' title='bbox 938 3863 1073 3919; x_wconf 81' lang='lat' dir='ltr'><strong>Eiusmodi</strong></span> <span class='ocrx_word' id='word_1_351' title='bbox 1090 3861 1214 3918; x_wconf 87' lang='lat' dir='ltr'><strong>mandatis</strong></span> <span class='ocrx_word' id='word_1_352' title='bbox 1232 3862 1265 3915; x_wconf 85' lang='lat' dir='ltr'><strong><em>ab</em></strong></span> <span class='ocrx_word' id='word_1_353' title='bbox 1278 3861 1327 3914; x_wconf 89' lang='lat' dir='ltr'><strong><em>lm-</em></strong></span> 
     </span>
     <span class='ocr_line' id='line_1_39' title="bbox 242 3931 937 4014; baseline 0.003 -30"><span class='ocrx_word' id='word_1_354' title='bbox 242 3937 363 4002; x_wconf 85' lang='lat' dir='ltr'><strong>peratore</strong></span> <span class='ocrx_word' id='word_1_355' title='bbox 374 3931 502 4014; x_wconf 85' lang='lat' dir='ltr'><strong>acceptis,</strong></span> <span class='ocrx_word' id='word_1_356' title='bbox 519 3933 648 4003; x_wconf 83' lang='lat' dir='ltr'><strong>Europam</strong></span> <span class='ocrx_word' id='word_1_357' title='bbox 660 3933 741 4002; x_wconf 84' lang='lat' dir='ltr'><strong>legati</strong></span> <span class='ocrx_word' id='word_1_358' title='bbox 751 3931 937 4002; x_wconf 81' lang='lat' dir='ltr'><strong>ingrediuntur.</strong></span> 
     </span>
    </p>

    <p class='ocr_par' dir='ltr' id='par_1_11' title="bbox 241 3999 1328 4349">
     <span class='ocr_line' id='line_1_40' title="bbox 242 3999 1325 4072; baseline 0 -18"><span class='ocrx_word' id='word_1_359' title='bbox 242 4033 244 4035; x_wconf 95' lang='lat'>-</span> <span class='ocrx_word' id='word_1_360' title='bbox 310 4001 352 4054; x_wconf 75' lang='lat'><strong><em>12</em></strong></span> <span class='ocrx_word' id='word_1_361' title='bbox 367 3999 463 4066; x_wconf 86' lang='lat' dir='ltr'><strong>Russr,</strong></span> <span class='ocrx_word' id='word_1_362' title='bbox 484 4018 540 4054; x_wconf 86' lang='lat' dir='ltr'><strong><em>cum</em></strong></span> <span class='ocrx_word' id='word_1_363' title='bbox 559 4003 591 4054; x_wconf 90' lang='lat' dir='ltr'><strong><em>de</em></strong></span> <span class='ocrx_word' id='word_1_364' title='bbox 611 4019 695 4056; x_wconf 89' lang='lat' dir='ltr'><strong>eorum</strong></span> <span class='ocrx_word' id='word_1_365' title='bbox 715 4005 826 4055; x_wconf 87' lang='lat' dir='ltr'><strong>transitu</strong></span> <span class='ocrx_word' id='word_1_366' title='bbox 840 4003 986 4066; x_wconf 75' lang='lat' dir='ltr'><strong>audissent,</strong></span> <span class='ocrx_word' id='word_1_367' title='bbox 1003 4005 1102 4072; x_wconf 77' lang='lat' dir='ltr'><strong>partem</strong></span> <span class='ocrx_word' id='word_1_368' title='bbox 1126 3999 1269 4065; x_wconf 77' lang='lat' dir='ltr'><strong>exercitus,</strong></span> <span class='ocrx_word' id='word_1_369' title='bbox 1286 3999 1325 4054; x_wconf 85' lang='lat' dir='ltr'><strong><em>cui</em></strong></span> 
     </span>
     <span class='ocr_line' id='line_1_41' title="bbox 242 4067 1328 4141; baseline 0.001 -19"><span class='ocrx_word' id='word_1_370' title='bbox 242 4067 389 4123; x_wconf 83' lang='lat' dir='ltr'><strong><em>Hunnorum</em></strong></span> <span class='ocrx_word' id='word_1_371' title='bbox 415 4070 633 4141; x_wconf 86' lang='lat' dir='ltr'><strong>Bulgarorumque</strong></span> <span class='ocrx_word' id='word_1_372' title='bbox 655 4071 837 4124; x_wconf 77' lang='lat' dir='ltr'><strong>multitudinem</strong></span> <span class='ocrx_word' id='word_1_373' title='bbox 857 4071 1039 4133; x_wconf 80' lang='lat' dir='ltr'><strong>adiunxerant,</strong></span> <span class='ocrx_word' id='word_1_374' title='bbox 1061 4070 1088 4123; x_wconf 92' lang='lat' dir='ltr'><strong><em>in</em></strong></span> <span class='ocrx_word' id='word_1_375' title='bbox 1102 4070 1231 4123; x_wconf 76' lang='lat' dir='ltr'><strong>Romanos</strong></span> <span class='ocrx_word' id='word_1_376' title='bbox 1254 4085 1328 4139; x_wconf 84' lang='lat' dir='ltr'><strong>prue-</strong></span> 
     </span>
     <span class='ocr_line' id='line_1_42' title="bbox 241 4137 1327 4210; baseline 0.001 -20"><span class='ocrx_word' id='word_1_377' title='bbox 241 4138 356 4194; x_wconf 81' lang='lat' dir='ltr'><strong>rnittuut.</strong></span> <span class='ocrx_word' id='word_1_378' title='bbox 389 4139 483 4193; x_wconf 76' lang='lat' dir='ltr'><strong>Audito</strong></span> <span class='ocrx_word' id='word_1_379' title='bbox 503 4157 588 4192; x_wconf 82' lang='lat' dir='ltr'><strong>eorum</strong></span> <span class='ocrx_word' id='word_1_380' title='bbox 604 4141 732 4204; x_wconf 77' lang='lat' dir='ltr'><strong>adventu,</strong></span> <span class='ocrx_word' id='word_1_381' title='bbox 753 4141 855 4195; x_wconf 83' lang='lat' dir='ltr'><strong>Bardas</strong></span> <span class='ocrx_word' id='word_1_382' title='bbox 868 4141 996 4210; x_wconf 84' lang='lat' dir='ltr'><strong>Magister</strong></span> <span class='ocrx_word' id='word_1_383' title='bbox 1009 4139 1130 4203; x_wconf 86' lang='lat' dir='ltr'><strong>militum,</strong></span> <span class='ocrx_word' id='word_1_384' title='bbox 1148 4157 1203 4192; x_wconf 89' lang='lat' dir='ltr'><strong><em>eum</em></strong></span> <span class='ocrx_word' id='word_1_385' title='bbox 1224 4146 1252 4192; x_wconf 87' lang='lat' dir='ltr'><strong><em>et</em></strong></span> <span class='ocrx_word' id='word_1_386' title='bbox 1264 4137 1327 4192; x_wconf 87' lang='lat' dir='ltr'><strong>alias</strong></span> 
     </span>
     <span class='ocr_line' id='line_1_43' title="bbox 243 4207 1326 4280; baseline 0.001 -23"><span class='ocrx_word' id='word_1_387' title='bbox 243 4207 325 4260; x_wconf 77' lang='lat' dir='ltr'><strong>virum</strong></span> <span class='ocrx_word' id='word_1_388' title='bbox 337 4211 466 4262; x_wconf 85' lang='lat' dir='ltr'><strong>strenuum</strong></span> <span class='ocrx_word' id='word_1_389' title='bbox 480 4209 622 4280; x_wconf 84' lang='lat' dir='ltr'><strong>fortemque</strong></span> <span class='ocrx_word' id='word_1_390' title='bbox 634 4228 663 4264; x_wconf 84' lang='lat' dir='ltr'><strong><em>se</em></strong></span> <span class='ocrx_word' id='word_1_391' title='bbox 674 4207 846 4274; x_wconf 82' lang='lat' dir='ltr'><strong>exhibuisset,</strong></span> <span class='ocrx_word' id='word_1_392' title='bbox 863 4213 915 4262; x_wconf 71' lang='lat' dir='ltr'><strong>tum</strong></span> <span class='ocrx_word' id='word_1_393' title='bbox 928 4209 1034 4262; x_wconf 83' lang='lat' dir='ltr'><strong>maxime</strong></span> <span class='ocrx_word' id='word_1_394' title='bbox 1048 4227 1080 4261; x_wconf 86' lang='lat' dir='ltr'><strong><em>ea</em></strong></span> <span class='ocrx_word' id='word_1_395' title='bbox 1093 4207 1226 4261; x_wconf 78' lang='lat' dir='ltr'><strong>occasions</strong></span> <span class='ocrx_word' id='word_1_396' title='bbox 1237 4224 1326 4274; x_wconf 80' lang='lat' dir='ltr'><strong>magno</strong></span> 
     </span>
     <span class='ocr_line' id='line_1_44' title="bbox 241 4274 1326 4349; baseline 0 -19"><span class='ocrx_word' id='word_1_397' title='bbox 241 4275 325 4331; x_wconf 76' lang='lat' dir='ltr'><strong>aniano</strong></span> <span class='ocrx_word' id='word_1_398' title='bbox 338 4277 482 4349; x_wconf 81' lang='lat' dir='ltr'><strong>impetuque</strong></span> <span class='ocrx_word' id='word_1_399' title='bbox 493 4278 629 4346; x_wconf 67' lang='lat' dir='ltr'><strong>iacintus,</strong></span> <span class='ocrx_word' id='word_1_400' title='bbox 646 4283 737 4334; x_wconf 84' lang='lat' dir='ltr'><strong>coacto</strong></span> <span class='ocrx_word' id='word_1_401' title='bbox 752 4277 889 4334; x_wconf 81' lang='lat' dir='ltr'><strong>electorum</strong></span> <span class='ocrx_word' id='word_1_402' title='bbox 901 4277 969 4333; x_wconf 82' lang='lat' dir='ltr'><strong>eirca</strong></span> <span class='ocrx_word' id='word_1_403' title='bbox 988 4294 1018 4332; x_wconf 85' lang='lat' dir='ltr'><strong><em>se</em></strong></span> <span class='ocrx_word' id='word_1_404' title='bbox 1030 4276 1138 4346; x_wconf 82' lang='lat' dir='ltr'><strong>agmine,</strong></span> <span class='ocrx_word' id='word_1_405' title='bbox 1155 4276 1229 4344; x_wconf 84' lang='lat' dir='ltr'><strong>signa</strong></span> <span class='ocrx_word' id='word_1_406' title='bbox 1239 4274 1326 4340; x_wconf 86' lang='lat' dir='ltr'><strong>movit,</strong></span> 
     </span>
    </p>
   </div>
   <div class='ocr_carea' id='block_1_6' title="bbox 0 0 1394 4626">
    <p class='ocr_par' dir='ltr' id='par_1_12' title="bbox 0 0 1394 4626">
     <span class='ocr_line' id='line_1_45' title="bbox 0 0 1394 4626; baseline 0 3"><span class='ocrx_word' id='word_1_407' title='bbox 0 0 1394 4626; x_wconf 95' lang='lat' dir='ltr'><strong><em> </em></strong></span> 
     </span>
    </p>
   </div>
  </div>
 </body>
</html>
