2780 4626
231 256 282 354 τε
607 286 961 357 naonlsnnconr

69 472 97 522 l.
110 471 143 520 Μ.
157 463 226 522 6477
233 479 288 519 του
308 453 359 518 καὶ
375 447 580 534 ῶσεβεστοίτου
596 445 740 536 Μοιιίμεδ
755 454 842 540 ξίφος
856 457 957 539 δῶρον
972 449 1147 536 ἐξέπεμπεν,
1176 449 1249 541 ὅπερ
1262 449 1324 520 λῶ-

102 541 153 591 lad
166 538 200 590 ²²
233 579 332 643 φυρον
349 553 383 620 ἐκ
398 577 479 630 τινος
499 560 561 620 τῶν
579 555 658 620 κατιλ
671 558 883 640 Παλαιστίνην
905 553 1041 621 ἁλόντων
1062 556 1218 642 φρουρίων
1239 555 1324 622 ἀνεί-

204 663 328 744 Βληφε,
357 659 407 721 καὶ
427 656 481 722 τδν
493 660 664 744 Πατρίκιον
684 657 780 745 ἐξῄτει
792 655 948 742 Νικήταν,
976 656 1012 722 ὃν
1026 659 1139 741 συνέβη
1156 658 1191 723 τδ
1209 654 1324 743 πρότε-

230 786 285 848 ρον
310 760 341 824 ἐν
360 764 406 848 τῷ
431 761 498 846 περί
518 763 656 825 Σικελίαν
676 767 738 826 τῶν
755 757 913 843 Ῥωμαίων
932 760 1099 842 πταίσματι
1124 757 1324 846 δοραῶλιυτον

229 862 409 950 ληφθέντα,
437 867 482 949 τῷ
497 855 625 953 τοιοῶτιμ
639 871 701 929 τῶν
708 863 833 950 Ἄφρων
846 869 1111 950 παραπεμφθῆναι
1125 860 1350 949 κατάρχοντι,5

230 962 273 1041 ῶς
288 961 311 1030 -δ
334 961 424 1050 λόγος
440 960 582 1047 ἐδήλωσε.
618 965 670 1032 διὰ
689 962 877 1054 γραμμάτων
899 957 953 1030 οὖν
977 965 1176 1050 ἐπέσκηπτεν,
1205 963 1264 1047 ῶς,
1294 967 1323 1030 εέ

230 1063 373 1154 ἐνδοιῶση
395 1067 472 1153 πρὸς
491 1066 547 1150 τήν
567 1076 623 1134 τοῦ
643 1070 815 1154 Πατρικίου
838 1065 986 1132 ἀπόδοσιν
991 1117 1002 1148 ,
1039 1070 1090 1133 καὶ
1114 1067 1170 1133 οὐκ
1191 1068 1321 1152 ἐξαυτῆς

232 1174 343 1234 τοῦτον
357 1167 464 1253 ἀνήσοι
478 1195 511 1235 τε
531 1176 593 1236 τῶν
612 1174 753 1253 δεσμῶν,
781 1166 890 1246 καλῶς
911 1169 1004 1235 αὐτὸν
1024 1169 1233 1256 παραπέμγηγ,
1260 1168 1321 1236 πό-

232 1277 325 1354 λεμον
339 1269 509 1358 ἀκήρυκτον
523 1271 587 1358 ῆτω
600 1278 794 1360 προσδοκῶν,
822 1275 873 1336 καί
894 1279 996 1337 πῶσαν
1011 1272 1068 1356 τήν
1085 1271 1181 1337 οὗτοῶ
1195 1269 1322 1360 ἐπικρή-

232 1398 315 1439 τειαν
342 1373 572 1462 ἆνεκτριβῆναι,
606 1387 672 1452 τοῖς
687 1373 866 1458 Ῥωμαϊκοῖς
895 1375 1076 1459 δηλουμένην
1100 1372 1318 1460 στρατεύμασι.
1330 1396 1368 1448 10

232 1487 301 1552 ταῖς
320 1469 477 1553 τοιαύταις
498 1470 552 1543 obs
575 1475 591 1544 δ
607 1475 821 1566 Καρχηδόνιος
835 1477 1068 1560 ἐκδειματιοδελς
1083 1475 1232 1562 δγγελίαις
1238 1525 1248 1557 ,
1277 1473 1321 1553 ῶς

233 1575 340 1654 ἐίλλαις
357 1583 435 1661 τισί,
460 1581 540 1645 κατὰ
556 1581 611 1665 τήν
625 1583 808 1667 παροιμίαν,
836 1579 897 1646 eiad
911 1585 1046 1646 Σκυδῶν
1065 1577 1186 1667 ῥήσεσι,
1214 1577 1268 1644 τόν
1286 1603 1320 1644 τε

204 1683 405 1768 ΟΠατρίκιον
418 1679 556 1766 Νικήτου
571 1687 621 1749 καί
634 1684 706 1759 τοδς
720 1683 776 1748 σὺν
794 1681 879 1772 αὐτῷ
897 1682 1074 1769 ληφθέντας
1092 1679 1317 1768 δορυαλώτους,

231 1787 283 1848 καὶ
305 1781 397 1860 ὅσους
407 1782 564 1867 Ῥωμαίων
579 1788 612 1851 ἐκ
626 1783 783 1874 διαφόρων
795 1783 906 1872 χῶραν
921 1787 952 1849 ἐν
968 1783 1098 1870 εἱρκταῖς
1110 1783 1242 1868 πιδήτας
1257 1810 1319 1848 πα-

229 1895 405 1974 ρακατεῖχε,
441 1891 541 1975 δῶρον
568 1895 613 1978 τῷ
638 1896 762 1972 βασιλεῖ
775 1883 945 1976 Νικηρδριρ
971 1888 1129 1971 ἐξέπεμπε·
1170 1887 1239 1963 δέος
1257 1885 1364 1974 γιλριᾶ

227 1988 323 2056 αὐτὸν
341 1985 491 2078 δπεισήει,
520 1993 714 2077 ἐκστρατείαν
737 1993 788 2056 καί
803 1990 932 2056 ἐκτιλουν
952 1987 1064 2055 τούτου
1088 1986 1315 2072 ἐνωτισῶμενον.

225 2090 263 2156 τὸ
277 2091 337 2179 γὰρ
352 2091 598 2178 ἀκαταγῶνιστον
610 2101 667 2159 τοῦ
682 2094 804 2180 ἀνδρὸς,
831 2094 889 2158 κῶν
901 2102 968 2166 ταῖς
980 2089 1094 2175 μάχαις
1105 2090 1318 2158 ἀνυπόστατον

228 2195 277 2256 καί
295 2191 477 2280 ἀπρόσιτον,
507 2197 557 2261 καί
575 2195 657 2272 ὅπως
672 2196 802 2272 εὐπετῶς
822 2195 857 2260 τδ
882 2195 1047 2260 ἀντίπαλον
1067 2193 1149 2259 ῶπαν
1165 2191 1207 2270 ῶς
1222 2195 1255 2260 ἐκ
1269 2219 1316 2259 τι-

227 2319 280 2371 νος
293 2299 383 2372 θείας
395 2295 493 2385 ῥοπῆς
507 2299 643 2376 εὐείκτοις
656 2299 893 2385 κατεστρέφετο,
920 2295 1062 2384 ἐφριττόν
1077 2323 1109 2362 τε
1124 2293 1225 2363 πάντα
1239 2295 1317 2381 ilion

133 2401 166 2458 Ρ.
180 2397 215 2459 47
232 2400 283 2462 καί
299 2396 488 2483 ἐτεθήπεσαν
492 2451 504 2482 ,
534 2404 584 2466 καί
607 2402 644 2466 οὗ
660 2401 804 2474 πολέμιον
819 2400 893 2484 ἐῆειν
900 2449 910 2481 ,
940 2399 1018 2464 ἀλλὰ
1038 2401 1127 2488 φίλον
1141 2403 1191 2464 καλ
1205 2396 1361 2464 decuti-20

66 2508 120 2558 Ful.
134 2505 187 2562 29³
205 2523 227 2560 r.
236 2525 292 2584 την
309 2500 477 2586 ἠπείγοντο.
513 2501 595 2568 οὕτω
615 2505 672 2586 μέν
694 2503 733 2586 δή
749 2499 948 2588 ὃΠατρίκιος
959 2499 1097 2586 Νικήτας
1111 2506 1162 2567 καί
1176 2503 1205 2568 ci
1219 2505 1320 2568 λοιποί

229 2609 292 2666 τῶν
300 2599 457 2685 Ῥωμαίων
470 2603 657 2687 αίγμοίλωτοι
671 2613 733 2671 τῶν
746 2608 866 2688 δεσμῶν
879 2603 1043 2691 ῥυσθέντες
1055 2607 1104 2669 καί
1119 2611 1174 2687 τῆς
1186 2605 1315 2693 εἱρκτῆς,

229 2704 307 2792 πρὸς
320 2703 355 2770 τὸ
379 2703 547 2784 Βυζάντιον
569 2706 746 2796 ἐπανῄεσαν.
782 2703 799 2773 ὃ
821 2707 856 2776 δέ
874 2705 1210 2795 βασιλεδςΝικηφόρας
1231 2705 1316 2792 ήσδη

298 2885 325 2938 8.
348 2878 456 2952 ciericos.
483 2883 530 2938 stc
547 2885 605 2940 cod.
626 2885 699 2940 Fert.
713 2881 775 2956 ῶτῇ
849 2889 876 2944 9.
904 2881 971 2955 ήτιο.
1007 2885 1053 2939 Sic
1074 2885 1132 2940 cod.
1149 2885 1315 2956 imperatio-ea

299 2951 366 3006 verti
376 2969 408 3006 sc
421 2952 443 3004 ci
455 2962 524 3008 esset
535 2945 594 3024 ἦτα.
664 2959 706 3011 12
729 2951 786 3011 ιἰττδ
799 2956 923 3011 Σκυθῶν
935 2953 1037 3026 δήσετε.
1061 2953 1121 3008 Vid.
1133 2971 1211 3026 supra
1222 2956 1315 3043 283A.

228 3105 380 3162 Moametbis
390 3105 502 3174 gladium
513 3106 591 3171 misit,
603 3123 677 3176 (γοεοι
690 3125 737 3178 pro
748 3109 872 3162 manubiis
888 3127 922 3164 ex
935 3109 1022 3179 aliquo
1035 3111 1168 3179 captorum
1184 3107 1212 3161 in
1224 3107 1316 3184 Balaa-

228 3174 298 3228 stins
317 3175 477 3228 cartellorum
496 3174 638 3230 abstulerat
677 3177 758 3231 Simul
774 3179 894 3232 Nicetam
913 3179 1048 3250 patricium
1065 3179 1170 3248 repetit,
1185 3177 1227 3232 cui
1244 3178 1317 3246 prius

227 3244 388 3328 contigerat,
405 3251 435 3296 ut
451 3245 478 3297 in
493 3245 622 3298 Siciliensi
633 3245 801 3300 aomanorun
815 3247 887 3302 clade
903 3247 1020 3316 captivus
1032 3248 1115 3301 iactus
1128 3247 1188 3299 huic
1199 3245 1317 3300 Afrorum

227 3313 339 3382 principi
350 3314 579 3379 traumitteretur„
596 3314 665 3368 sicin
680 3317 793 3368 nuntio
808 3316 965 3384 significavit
980 3325 1075 3370 nostra.
1108 3314 1214 3368 Isittcris
1233 3321 1315 3366 autem

227 3381 374 3445 denunciat,
385 3382 407 3434 si
418 3389 582 3436 cunctaretur
593 3383 729 3453 patriciam
740 3386 883 3450 restituere,
893 3403 975 3454 neque
988 3383 1115 3453 evestigio
1127 3383 1194 3436 illum
1205 3381 1315 3434 uinculis

226 3448 336 3502 solutum
359 3449 393 3501 ad
410 3469 438 3503 se
459 3451 580 3514 mitteret,
598 3459 629 3504 ut
645 3452 737 3504 bellum
756 3451 882 3506 inlinitum
902 3461 1073 3522 exspectaret,
1098 3453 1211 3520 lineaque
1234 3451 1315 3519 ipsius

226 3533 323 3582 omnes,
334 3535 351 3570 a
360 3518 479 3571 Romanis
491 3520 646 3576 exercitibus
656 3521 780 3590 direptos,
789 3527 916 3574 vadatum
930 3523 970 3574 iri.
987 3521 1087 3584 Quibus
1098 3520 1195 3573 nunciis
1205 3520 1315 3572 Cartba-

227 3585 350 3655 giniensis
361 3588 510 3654 exterritus,
525 3589 760 3659 quasiquibusdam
773 3591 903 3660 Scythicis
918 3590 1080 3652 iussionibus,
1097 3598 1126 3643 ut
1142 3591 1168 3642 in
1181 3587 1316 3657 proverbio

228 3659 284 3717 est,
300 3661 355 3708 tum
368 3655 486 3710 Nicetam
500 3658 649 3727 patricium,
666 3663 720 3710 tum
733 3660 776 3741 qui
791 3676 842 3712 una
855 3659 965 3712 camillo
979 3659 1076 3727 captiti
1087 3659 1150 3710 iacti
1161 3659 1272 3721 lucrant,
1288 3663 1316 3708 et

227 3722 328 3775 omnino
341 3725 468 3778 Romanos
482 3743 648 3796 quoscunque
659 3726 769 3780 diversis
780 3727 845 3780 locis
863 3728 889 3780 in
902 3727 1019 3782 custodia
1041 3727 1141 3780 vinctos
1159 3727 1317 3788 enervabat,

227 3790 379 3876 Nicephoro
390 3793 539 3864 imperatori
550 3795 617 3847 dono
629 3794 707 3847 snisit
742 3796 863 3849 Formido
878 3797 945 3849 enim
957 3796 1027 3848 illum
1040 3795 1195 3857 incesserat,
1212 3793 1246 3844 de
1262 3788 1329 3846 ter-'

226 3867 306 3912 rem
317 3861 453 3932 muralique
477 3870 603 3946 apparatu
620 3871 707 3916 nostro
729 3865 883 3918 audientem.
915 3865 1021 3934 Quippe
1043 3864 1164 3916 invictam
1176 3863 1316 3930 imperoto-

228 3928 266 3982 ris
279 3929 344 3992 vim,
368 3929 530 3984 intolerabile
547 3931 574 3984 in
595 3931 700 4002 praeliis
718 3943 798 4002 atque
816 3935 973 3986 inaccessum
989 3934 1085 3996 robur,
1108 3929 1315 4002 quemadmodum

228 3996 296 4050 nullo
316 4000 418 4066 negotio
437 4001 600 4054 adversarios
618 4000 747 4069 quaelibet
762 4002 838 4070 quasi
857 4002 943 4054 divino
962 4003 1072 4071 quodam
1087 4001 1197 4070 impulsu
1219 4007 1317 4122 promta

227 4067 369 4136 subigeret,
387 4071 542 4122 verebantrr
556 4087 643 4122 omnea
653 4069 769 4122 nationes
787 4077 865 4140 atque
876 4071 1107 4138 obstupescebant,
1123 4086 1207 4138 neque
1238 4076 1316 4120 ostam

228 4133 326 4190 habere
336 4137 415 4200 illum,
426 4148 513 4192 vestim
524 4139 630 4192 anticum
644 4155 675 4190 ac
688 4138 815 4194 dominura
831 4139 1011 4209 properabant·
1036 4139 1066 4192 ln
1079 4140 1146 4192 tuac
1158 4137 1258 4191 modum
1267 4135 1316 4190 Ni-

227 4209 300 4257 cetes
321 4206 445 4274 patricias
465 4208 612 4277 caeterique
631 4207 729 4292 captivi
743 4207 850 4267 Romani
868 4226 884 4261 s
901 4207 1011 4262 τὶοοιιίίτ
1027 4225 1093 4277 eque
1112 4206 1232 4260 custodia
1249 4205 1317 4259 Coa-

225 4273 418 4346 atsuliuopolim
430 4282 602 4354 materant.
635 4277 801 4348 Nicephorius
815 4281 900 4333 suum
912 4278 1069 4348 imperator,
1085 4275 1211 4340 laetatos,
1228 4281 1259 4328 ut
1271 4290 1317 4345 par
