2802 4624
1218 183 1228 214 ἱ
1287 155 1289 161 .

350 287 659 358 ru-rnnonosn
677 287 912 366 acuamus.
954 263 957 270 '
1110 283 1188 364 aaa

177 448 228 516 46.
250 441 495 527 Mnesitheum]
516 446 684 520 Damnum,
707 447 789 528 quod
807 446 927 510 barbari
944 449 1065 514 Graecis
1080 452 1194 519 inferre

91 533 292 610 conabantur,
315 543 420 592 contra
438 533 521 612 ipsos
537 531 672 590 cedebate
693 553 763 592 nam
782 531 888 594 Graeci
909 538 1051 598 testudini
1072 539 1194 621 inclusi,

91 639 130 678 ex
151 618 246 698 ipsius
262 616 417 676 machinae
431 616 576 676 meatibus
592 617 729 676 consulto
747 618 822 678 tutis
838 617 872 678 in
884 620 960 680 locis
980 623 1018 682 ad
1033 623 1093 683 boc
1105 625 1194 684 exci-

90 703 148 780 sis,
171 713 273 762 contra
296 703 365 761 illos
380 701 439 760 tela
461 702 635 778 mittebant,
662 721 739 781 quae
757 723 807 762 eos
828 723 921 786 supra
940 714 1038 768 turres
1057 717 1088 771 et
1107 729 1194 776 moe-

87 787 139 848 nia
155 788 187 848 in
204 795 339 867 apertum
354 794 467 844 stantes
481 787 644 866 plurimum
657 786 822 850 laedebant.

173 873 226 938 lb·
255 866 365 949 Kisa]
392 871 443 928 Sic
472 869 571 929 Codex
579 891 596 946 3·
620 871 775 934 Cornelius
798 872 883 936 aliter
909 873 1038 956 legerat,
1065 875 1118 938 sed
1142 879 1187 938 ita

89 957 307 1017 emendandum
324 955 398 1012 bene
416 953 605 1016 coniectavit.

174 1045 224 1108 52.
247 1035 369 1121 Κηρόν]
394 1041 448 1100 Pro
462 1045 541 1121 κῆρα
554 1039 686 1120 positum
699 1040 846 1119 arbitror,
868 1063 922 1103 seu
937 1063 1037 1104 errore
1058 1043 1185 1122 librarii,
1253 1047 1255 1054 '

88 1145 142 1184 seu
172 1124 273 1204 potius
297 1125 362 1184 aevi
382 1125 477 1202 vitio,
497 1146 557 1205 quo
576 1125 706 1187 Graecae
725 1126 845 1206 linguae
866 1128 1010 1208 elegantia
1025 1149 1186 1212 magnaeus

79 1218 171 1290 'parte
188 1209 324 1288 perierat.
552 1199 560 1242 ⁵
1187 1214 1208 1251 ⁸
1298 1247 1302 1256 ·

170 1295 221 1361 58.
251 1286 380 1374 uptote]
410 1293 616 1372 Nicephorum
639 1290 730 1353 hasce
750 1293 904 1355 machinas
927 1296 966 1356 ad
987 1296 1187 1378 oppugnanda

87 1379 303 1438 Saracenorum
323 1380 438 1438 moenia
454 1379 625 1439 adhibuisse
640 1388 758 1438 nemrot
778 1379 867 1440 etiam
882 1381 942 1439 Leo
959 1381 1123 1460 Diaconos,
1142 1382 1188 1443 ita

85 1465 235 1524 scribente
260 1465 375 1543 Quare
386 1476 546 1544 perspecta
561 1467 690 1522 Praetor
706 1467 864 1544 petrarias
881 1475 1072 1545 quantocyus
1085 1463 1188 1526 addu-

85 1551 142 1624 xit,
164 1549 286 1626 illisque
297 1539 437 1628 lapillum
451 1550 545 1607 imbre
563 1547 710 1606 barbaros
722 1551 789 1628 peti
810 1551 912 1611 iussit.
942 1549 998 1610 Ad
1007 1549 1083 1608 liaeo
1096 1553 1188 1608 etiam

86 1633 304 1692 obsidionalem
319 1636 513 1714 peculiarius
538 1633 714 1693 machinam
741 1631 879 1713 (arietem
902 1635 1039 1694 Romani
1060 1633 1187 1715 vocant)

83 1717 244 1777 adhibuit:
267 1722 414 1798 petrariis
435 1731 537 1778 aretem
559 1717 663 1776 crebra
684 1739 830 1776 saxorum
846 1716 985 1797 pondera
1003 1719 1188 1792 rotantibus,
1288 1735 1292 1746 ·

75 1805 176 1881 sacili
188 1808 305 1883 negotio
319 1805 458 1864 Barbari
468 1808 595 1884 repressi
611 1814 698 1862 sunt:
721 1805 900 1883 interimque
911 1806 1004 1862 ariete
1017 1807 1117 1863 muris
1130 1801 1188 1862 ad-

84 1899 167 1946 moto
194 1893 310 1947 maiore
330 1893 445 1970 impetu
469 1893 636 1970 quatiente,
664 1889 726 1948 riri
745 1891 913 1969 nonpauci
921 1891 1049 1968 suasam
1062 1889 1187 1950 subiere.
1204 1905 1261 1962 σοι,
1279 1908 1298 1962 2

86 1973 156 2034 vid.
168 1974 236 2051 Pag.
249 1974 323 2033 ibid.
336 1995 402 2054 pag.
420 1976 494 2041 874.
1100 2003 1102 2008 ’

171 2057 248 2118 ibid.
275 2061 446 2132 Χελωνίους
469 2055 589 2137 τέχνας]
619 2056 793 2116 Testudinco
819 2057 935 2117 scilicet
954 2056 1186 2139 oppugnatorias

83 2141 189 2216 abiis,
215 2162 287 2220 quas
302 2163 393 2220 supra
412 2145 602 2214 memorarit,
625 2141 771 2218 diversas,
792 2141 921 2220 ideoque
943 2152 971 2201 et
992 2142 1028 2201 ab
1052 2163 1086 2202 eo
1100 2142 1186 2204 aliter

81 2235 283 2305 nuncupatas.
318 2226 391 2286 Erat
409 2225 484 2285 haec
502 2224 638 2286 machina
658 2234 788 2306 quatuor
806 2225 930 2284 suffulta
944 2226 1039 2302 rotis,
1064 2233 1124 2304 qrto
1141 2225 1185 2284 fs.

83 2311 188 2386 cilius,
211 2310 265 2370 ubi
283 2331 358 2392 opus
373 2313 465 2389 foret,
480 2309 655 2388 veheretur,
680 2310 837 2388 crudisque
853 2310 1027 2369 animalium
1043 2311 1131 2370 coriis
1145 2309 1186 2370 ad

1 2420 2 2425 ¹
79 2396 128 2456 sui
143 2396 296 2455 munimen
310 2397 495 2456 extrinsecus
511 2392 660 2458 contexta.
705 2393 1052 2455 Cautiusbateamilites
1067 2394 1105 2453 ad
1117 2413 1184 2453 mu-

80 2500 133 2542 ros
151 2479 373 2557 suffodiendos,
395 2481 476 2540 etad
493 2503 542 2540 eos
556 2478 856 2558 deindequasssndos
871 2479 998 2540 libratus
1013 2479 1087 2540 aries
1107 2499 1184 2538 con-

81 2566 290 2644 torquebatur.
337 2565 458 2645 Optime
479 2586 544 2625 eam
565 2565 723 2645 descripsit
742 2563 824 2624 bisce
841 2564 939 2625 verbis
956 2563 1114 2623 Vitruvius
1128 2563 1183 2623 lib.

80 2650 122 2710 Χ.
146 2671 210 2730 cap.
237 2655 291 2716 19:
325 2650 430 2709 Cetras
456 2663 555 2708 autem
578 2647 804 2712 Chalcedonius
830 2646 867 2707 de
896 2651 1027 2706 materia
1043 2651 1185 2728 primum

1 2752 2 2756 ’
81 2737 181 2794 basim
200 2735 432 2814 subiectisrotis
441 2737 529 2813 fecit,
551 2756 703 2815 supraque
718 2737 865 2816 compegit
882 2735 1068 2808 arrectariis,
1091 2744 1118 2792 et
1133 2736 1184 2790 iu·

79 2822 134 2900 gis
149 2841 253 2890 varas,
266 2831 294 2878 et
308 2823 342 2880 in
351 2821 402 2879 his
416 2820 573 2902 suspendit
589 2823 721 2896 arietem,
745 2821 895 2901 coriisque
910 2819 1034 2877 bubulis
1048 2821 1130 2893 texit,
1147 2825 1182 2875 ut

80 2907 210 2962 tutiores
229 2917 339 2983 essent,
360 2910 416 2986 qui
438 2909 470 2964 in
491 2928 527 2964 oa
543 2906 767 2976 machinatione
791 2901 1036 2983 adprobandum
1058 2921 1183 2960 murum

80 3001 176 3049 essent
188 2993 337 3051 collocati.
355 2991 407 3070 2Id
421 3003 531 3068 autem,
549 2988 634 3071 quod
646 2988 752 3049 tardos
765 3000 894 3047 conotus
905 2988 1034 3059 haberet,
1050 2983 1182 3044 testudi-

80 3097 147 3134 nem
164 3078 344 3134 orietariom
355 3077 507 3155 appellare
522 3079 625 3154 coepit.
648 3073 823 3133 Huiusmodi
837 3072 990 3131 machinae
1001 3072 1116 3130 iconem
1131 3090 1182 3129 ex-

80 3159 178 3220 hibuit
194 3162 311 3241 Lipsius
325 3161 358 3220 in
375 3161 578 3240 Polyarcetico
595 3159 670 3219 Dial.
687 3159 764 3218 Vlll.
779 3157 861 3219 Tom.
873 3157 927 3218 111.
942 3157 1020 3237 Opp.
1033 3175 1099 3236 pag.
1108 3161 1181 3234 279,

109 3305 116 3316 .
167 3245 216 3312 65.
241 3241 405 3326 Κλιμᾶκων
419 3239 605 3324 icositano]
628 3243 730 3302 Scalae
744 3239 799 3300 hee
814 3251 900 3319 sunt,
922 3259 997 3321 quae
1015 3237 1181 3320 compacti-
1237 3241 1240 3250 “

80 3329 142 3402 les,
164 3353 214 3390 seu
229 3331 365 3391 solutiles
382 3332 566 3390 dicebantur.
607 3327 670 3387 liae
685 3327 822 3408 pluribus
840 3326 1017 3385 constabant
1033 3323 1180 3406 partibus,
1290 3345 1294 3356 ·

1 3443 2 3495 3
82 3435 243 3494 earumque
258 3417 367 3494 gradus
381 3417 423 3474 ita
439 3424 522 3474 erant
537 3413 709 3492 compositi,
731 3421 767 3470 ut
784 3409 870 3470 facile
883 3409 1048 3487 removeri,
1071 3428 1106 3469 ac
1120 3407 1182 3466 sti-

1 3511 2 3560 ]
80 3497 145 3580 pite
161 3511 283 3559 coeunte
295 3501 376 3580 quasi
391 3505 421 3560 in
436 3500 571 3578 vaginam
586 3497 709 3558 recondi
723 3505 855 3576 possent.
884 3496 1039 3577 Khipauoc
1052 3488 1178 3576 aquaria,

1 3585 2 3602 ³
80 3581 141 3643 hoc
155 3594 199 3642 est
210 3586 314 3644 scalas
322 3587 488 3664 plicatiles,
502 3583 665 3666 appellavit
677 3583 742 3642 illas
757 3580 912 3662 Appianus
923 3581 956 3640 in
968 3578 1100 3656 iberisis,
1118 3597 1181 3636 ma.

1 3675 2 3682 ’
80 3669 182 3750 gisque
196 3671 232 3727 ad
247 3690 307 3729 rem
327 3682 459 3732 nostram
478 3665 634 3745 διαλυτὰς,
653 3667 789 3726 solutiles
801 3687 926 3746 nempe,
948 3662 1125 3726 Plutarchus
1143 3663 1178 3722 iu

1 3777 2 3830 ,
50 3754 164 3816 =Ara1i
183 3755 251 3814 Vita
274 3775 339 3834 pag.
358 3760 430 3822 817.
454 3757 565 3815 ubisit
585 3762 709 3814 Aratum
731 3752 920 3812 obsessurum
942 3750 1101 3832 Sicyonem
1128 3767 1177 3807 ees

79 3841 113 3900 in
126 3841 241 3900 modios
258 3840 466 3899 frumentarios
481 3841 628 3899 coniectas
649 3836 859 3899 recondidisse.

166 3929 217 3993 57.
241 3922 290 4003 Oi]
312 3923 400 3983 Hono
422 3945 439 3982 a
462 3925 598 3985 Cornelio
621 3922 763 3983 omissum
789 3919 951 3982 articulum
973 3935 1041 3978 sum
1067 3912 1178 3974 Codice

1 4019 2 4036 ¹
79 4013 275 4072 restituimus.

169 4103 221 4164 61.
247 4091 307 4168 Τοὶς
320 4088 424 4174 κόρας]
448 4094 592 4154 Terribile
608 4102 688 4155 certe
704 4100 879 4171 stratagema
894 4087 932 4147 ad
947 4081 1176 4146 terrefaciendos

82 4179 182 4241 hostes
205 4179 408 4261 aNicepboro
429 4180 645 4258 excogitatum,
667 4177 796 4237 iaciendi
818 4193 925 4253 nempe
944 4170 1103 4230 fundarum
1120 4183 1178 4247 ope

1 4267 2 4271 ’
81 4267 208 4327 abscissa
221 4267 417 4326 barbarorum
440 4266 537 4346 capita
545 4309 555 4343 ,
576 4273 612 4325 ut
631 4261 729 4328 veleb
743 4261 819 4344 ipsis
833 4256 1010 4320 concivibus
1030 4255 1091 4316 sais
1103 4271 1178 4336 per-

147 4365 201 4419 teo
216 4365 356 4420 Mamaos.
929 4341 972 4408 85
