2808 4618
302 326 534 399 NICEPHORI
552 327 729 401 Pfloeau
749 331 841 402 CAP.
862 317 918 402 Vn
1074 323 1147 398 195

64 493 327 579 ταταλαμβανέτω
342 494 460 580 χωρία,
486 493 743 580 προαποσιίλλων
761 492 957 584 τουρμάρχην
975 495 1032 563 εἴτε
1047 497 1149 586 ἐτερον

63 601 198 687 ἀρχοντα
206 649 218 679 ,
246 603 310 664 τῶν
331 593 554 683 ἐμπειροτάτων
575 599 626 664 καὶ
640 601 814 685 χρησίμων,
838 599 917 683 μετά
932 601 1076 667 ἐκλεκτῶν
1090 601 1177 692 cip-1)

1 761 2 768 ,
58 701 179 788 χόντων
192 704 246 768 καί
265 695 537 786 καλοΐππαράτων,
564 706 620 766 τοῦ
635 707 902 787 προσυπαντῆσαι,
930 705 982 768 καὶ
1001 704 1078 787 μετδ
1092 707 1147 790 ἐμ-

61 808 179 894 πειρίας
191 801 322 878 τούτους
333 801 533 883 θεάσασθαι,
561 805 611 866 καί
626 815 807 890 παραμεῖναι
814 855 826 887 ,
854 807 906 871 καὶ
924 813 970 895 τῷ
985 817 1146 898 στρατηγῷ

40 904 266 992 διαταμηνύειν
287 907 319 970 ἐν
334 896 360 993 ᾧ
380 902 465 993 τόπῳ
483 905 667 988 κατέλαβον,
695 911 722 974 εἰ
735 905 866 974 δυνατόν
879 912 1067 992 διασκοπεῖν,
1094 915 1146 978 καλ

60 1010 115 1094 τὴν
130 1017 188 1076 τοῦ
200 1015 278 1076 λαού
292 1007 395 1073 adsonis
407 1005 572 1092 ποσότητα.
599 1009 637 1074 od
649 1007 745 1092 μόνον
756 1009 815 1099 γὰρ
830 1007 890 1076 ἀπό
900 1012 1039 1096 τῆςθίας
1051 1015 1146 1080 δυνα-

60 1111 117 1178 τόν
140 1115 221 1176 ἐστιν
242 1110 414 1198 ἀριθμῆσαι
430 1110 605 1187 cisoniensi
621 1111 925 1198 καταστοχάσασδαι,
953 1113 1032 1180 ἀλλά
1045 1120 1097 1182 καλ
1112 1119 1145 1184 ἐκ

60 1221 121 1299 τῆς
135 1212 249 1280 τούτων
257 1211 362 1297 ὁπλῆς.
380 1214 566 1300 πλῆθοςηδρ
575 1210 690 1301 χόρτου
705 1216 842 1303 ἐρημίαις
853 1213 1001 1304 ἀπάρχου,
1017 1222 1070 1285 καὶ
1081 1231 1204 1299 τοῖςῖοί.
1219 1237 1270 1294 378
1284 1255 1305 1292 v.
1322 1235 1325 1242 '

60 1320 137 1382 ποσί
158 1324 219 1382 τῶν
237 1314 356 1402 ἀλόγων
376 1313 660 1398 καταπατούμενον,
688 1317 718 1382 oi
731 1325 792 1384 τῶν
803 1319 924 1406 ἀνδρῶν
936 1321 1146 1410 ἐμπειρότατοι

23 1435 55 1488 1o
62 1415 207 1485 δύνανται
223 1421 255 1484 ἐκ
275 1417 387 1484 τούτου
405 1418 527 1502 τὴντοῦ
549 1425 626 1483 λαοῦ
640 1417 815 1505 ποσότητα,
838 1425 865 1487 εί
878 1424 984 1506 καὶμὴ
999 1424 1142 1513 ἀκριβῶς,
1163 1472 1166 1480 -

60 1519 365 1605 καταστοχάσασδαι.
393 1518 540 1597 ὡσαύτως
553 1523 649 1586 δὲκαὶ
664 1524 695 1586 ἐν
704 1534 769 1599 τοῖς
779 1529 840 1589 τῶν
852 1531 999 1604 ποταμῶν
1006 1525 1145 1614 περόμα-
1161 1554 1192 1608 ρ,
1210 1557 1261 1611 125

60 1645 124 1690 σιν·
139 1626 355 1713 ἀκριβέστερον
369 1626 460 1689 δὲκαὶ
475 1623 535 1689 ἀπδ
549 1631 610 1690 τῶν
622 1622 739 1691 τούτων
747 1625 918 1710 ἀπλάκτων,
928 1622 1016 1712 ἡνίκα
1030 1631 1145 1698 ἐκεῖθεν

59 1726 249 1815 ἀπαίρουσιν.
280 1723 296 1792 ό
312 1729 346 1792 δέ
360 1728 538 1814 στρατηγός,
556 1733 611 1792 τού
622 1725 754 1816 κούρσου
770 1707 831 1795 όῶν
843 1732 994 1812 πολεμίων
1006 1732 1144 1821 τηνάφι·

59 1833 104 1906 ξιν
117 1827 360 1914 ἀπομανθάνων,
382 1832 434 1894 καὶ
449 1837 511 1896 τῶν
517 1833 649 1916 χωρίων,
673 1833 705 1896 ἐν
721 1828 768 1908 οἷς
781 1833 837 1908 τὰς
849 1834 1001 1920 ἐκδρομὰς
1013 1833 1143 1920 ποιήσα-

23 1939 137 2004 Ιᾶσθαι
152 1935 297 2016 μίλλουσι
304 1982 315 2014 ,
338 1930 581 2016 στοχασάμενος,
599 1937 728 2017 πλησίον
741 1934 859 2002 τούτων
872 1936 1022 2021 γινέσθω·
1047 1941 1098 2003 καί
1111 1943 1144 2006 ἐν

58 2035 218 2123 ἐπιτηδείῳ
232 2034 317 2125 τόπῳ
333 2033 441 2100 ἑαυτὸν
455 2033 638 2122 ἀποκρύψας
649 2037 728 2119 μετά
741 2044 796 2103 τοῦ
809 2045 887 2104 icosi
901 2037 997 2104 αάτοά
1004 2089 1014 2120 ,
1035 2044 1144 2127 βίγλας

57 2161 93 2202 τε
110 2141 323 2222 καβαλλαρίων
334 2144 490 2222 πανταχοῦ
506 2137 696 2218 ἀποστείλας,
711 2135 800 2222 ἡνίκα
812 2144 879 2227 περὶ
889 2141 990 2207 adreio
1005 2169 1144 2227 καταμη-

58 2242 172 2324 νυθείη
180 2290 191 2321 ,
219 2242 269 2304 καὶ
284 2246 442 2306 emenso
459 2238 665 2318 ἐξελαύνοντες
677 2244 728 2305 καὶ
746 2241 1033 2328 διασκορπιζόμενοι,
1062 2247 1145 2321 len*

58 2349 107 2430 θη
123 2346 168 2418 εἰς
187 2343 224 2408 ‘cd
241 2339 429 2430 σκόρπισμα,
457 2347 508 2408 καλ
528 2339 650 2420 τούτοις
677 2341 865 2429 ἐντυγχάνων
887 2341 1009 2422 ἀπόνως
1033 2343 1146 2422 αύτούς

19 2446 306 2531 ὶοκαταγωνίσεται.
334 2449 360 2512 εἰ
373 2447 407 2511 δέ
419 2452 523 2533 συμβῇ
537 2471 622 2521 τινας
634 2451 695 2511 τῶν
703 2453 844 2533 χωριτῶν
857 2453 1050 2535 κρατηθῆναι
1062 2448 1141 2535 παρ’
1147 2471 1171 2524 Β

59 2546 162 2614 αὐτῶν
175 2549 236 2635 πρό
252 2555 308 2614 τοῦ
321 2545 478 2630 ἐξελάσαι,
505 2551 556 2613 καί
577 2548 748 2631 ἀναμαθεῖν
767 2546 824 2633 τήν
846 2573 878 2614 τε
899 2555 957 2616 τοῦ
971 2557 1146 2639 στρατηγοῦ

57 2654 231 2737 παρουσίαν
252 2653 303 2715 καί
322 2650 379 2736 τὴν
394 2657 456 2717 τῶν
467 2653 589 2737 χωρίων
606 2653 773 2732 ἐπίλευσιν,
802 2653 852 2716 καὶ
875 2651 912 2717 osi
931 2651 1148 2742 θαρρήσουσιν

58 2752 205 2834 ἐξελάσαι,
215 2752 366 2842 ἀπρακτοι
375 2756 548 2829 σπουδαίως
555 2752 631 2841 πρός
640 2755 694 2837 τὴν
704 2751 1018 2843 ἐδίανύποστρίψουσι
1024 2755 1148 2844 χάραν,-

58 2855 154 2938 μόνον
169 2856 223 2922 τὸν
239 2854 334 2922 κόπον
351 2859 402 2922 καὶ
413 2857 470 2942 τὴν
485 2857 649 2944 συντριβὴν
661 2858 713 2922 καὶ
728 2861 936 2946 ταλαιπωρίαν
946 2855 1143 2936 ἀποστάντες.

123 3021 152 3074 2.
177 3013 326 3088 ἀρχόντων.
353 3019 427 3074 Fert.
440 3020 623 3091 στρατιωτάν.
690 3014 734 3075 24.
754 3018 858 3076 ωιονιδν
872 3015 950 3076 codd.

54 3163 143 3210 teucos
157 3173 217 3210 sese
231 3157 362 3222 consuat,
379 3157 519 3227 praemisso
529 3155 674 3210 turmarcha
685 3164 730 3209 aul
741 3156 826 3226 aliquo
837 3157 978 3226 praelecto,
995 3173 1028 3209 ex
1038 3155 1143 3226 peritis-

55 3225 124 3276 simis
139 3231 167 3278 et
181 3225 314 3295 probatis,
349 3225 374 3278 ui
387 3225 548 3294 praepositos
562 3225 675 3278 delectos
688 3225 809 3293 bonisque
824 3224 896 3295 equis
908 3225 1046 3278 instnrctoa
1058 3243 1143 3280 secum

54 3291 157 3358 habeut,
175 3300 206 3346 ut
221 3294 321 3346 obviam
331 3244 382 3346 illis
397 3311 549 3364 progressus
563 3311 595 3347 ex
608 3311 655 3344 usu
669 3293 772 3346 militari
788 3312 832 3346 ecs
844 3293 1004 3358 consideret,
1021 3295 1143 3364 iuxtaque

55 3377 159 3414 manens
171 3363 231 3414 duci
251 3363 396 3426 renunciet,
414 3380 469 3416 cum
511 3379 566 3414 uena
587 3362 666 3414 locum
690 3361 820 3432 ceperint,
836 3367 903 3426 tum,
923 3361 946 3413 si
964 3360 1090 3431 dispicere
1113 3364 1142 3418 id

54 3447 157 3500 quoque
170 3438 274 3500 potest,
291 3449 376 3486 eorum
390 3381 523 3484 multitudo
540 3436 636 3502 qusuto
647 3430 689 3482 sit
723 3432 784 3484 Nou
799 3429 879 3484 solum
892 3431 957 3483 euim
969 3447 1000 3483 ex
1012 3432 1071 3484 visu
1093 3449 1141 3486 uu-

53 3515 154 3552 lnerum
167 3517 252 3552 eorum
263 3499 329 3553 inire
340 3508 417 3570 atque
438 3501 571 3552 aestimare
581 3499 657 3563 licet,
672 3516 761 3552 verum
774 3499 849 3551 etiarn
870 3517 901 3552 ex
913 3499 1042 3568 impressis
1058 3517 1140 3568 ungu-

53 3565 139 3619 lorum
152 3567 277 3637 vaugiis.
310 3570 378 3623 Nuru
391 3585 447 3621 cum
457 3571 499 3621 vis
513 3569 606 3622 berboe
618 3567 645 3618 iu
665 3567 844 3620 solitudinibus
856 3567 905 3633 sit,
929 3568 1087 3640 pedibusque
1101 3567 1141 3621 iu-

52 3646 198 3688 mentorum
208 3635 375 3702 conculcetur,
393 3637 504 3690 homiues
516 3637 591 3690 vuldo
602 3636 736 3690 exercitali
749 3637 876 3706 copiarum
887 3653 1023 3702 numerum,
1041 3637 1141 3691 etiamsi

53 3721 103 3757 uon
123 3715 262 3767 accurate,
286 3706 429 3774 intelligere
451 3711 571 3776 possunt:
588 3705 648 3757 item
670 3721 701 3757 ex
713 3706 841 3758 flusuinruu
858 3705 1064 3758 traiectionibuss
1087 3711 1142 3760 tum

54 3773 202 3826 sceuretius
222 3775 300 3826 etiem
319 3791 352 3827 ex
373 3791 459 3827 eorum
476 3773 659 3837 mansionibus,
683 3782 814 3844 postquem
831 3775 890 3827 inde
908 3781 1047 3836 moverunt
1081 3773 1142 3828 Dux

55 3847 154 3906 sulcu,
172 3842 277 3911 cognito
287 3841 465 3925 praedatorum
477 3843 602 3896 hostilium
623 3843 750 3906 adventu,
768 3843 853 3907 vicos,
879 3859 929 3912 quo
942 3841 1067 3912 irrupturi
1081 3843 1142 3907 sint,

54 3911 204 4032 spepicgpis,
215 3913 326 4030 proprus
339 3911 375 4031 'atil
386 3913 432 3963 hos
445 3913 562 3965 accedet:
578 3911 686 4031 locpque
697 3910 789 4031 idoppo
805 3929 861 4034 copo
877 3928 1010 4032 mpuutessuo
1028 3909 1144 4030 abditeppp

54 3993 75 4030 ¹¹
88 3995 132 4098 l:
153 3995 276 4132 nillil
288 3995 1143 4118 ‘llllslll'l‘lillsl‘{llliliiltqetttin

54 4131 87 4167 uu
106 4133 122 4167 o
138 4125 246 4186 negotio
258 4118 422 4186 expugnabit
456 4117 504 4169 sin
522 4125 604 4170 autem
624 4115 731 4180 accidit,
749 4125 778 4169 ut
792 4135 825 4169 ex
836 4117 956 4186 agricolis
972 4115 1068 4184 aliquot
1083 4131 1100 4164 e
1112 4131 1141 4165 se

53 4185 138 4254 ceptis
154 4193 292 4254 onthusnr
313 4187 492 4254 egrediantur,
508 4184 595 4238 ducem
608 4193 635 4238 et
653 4185 753 4238 venisse
772 4192 799 4237 st
816 4203 955 4256 occupasse
965 4184 1035 4236 τῖσαι
1046 4178 1141 4233 intelli-

53 4259 133 4321 gunt,
151 4253 178 4304 id
231 4271 263 4306 ue
278 4271 328 4307 non
348 4254 459 4307 eudeaut
476 4269 624 4328 excurrere,
647 4253 745 4306 infecte
763 4269 791 4306 re
810 4255 903 4324 septim
920 4271 948 4304 se
961 4251 1060 4304 domum
1074 4247 1141 4304 reci·

56 4322 140 4390 pient,
158 4321 215 4375 uibi
238 4331 342 4394 prester
358 4323 488 4390 laborem,
503 4321 693 4388 lassitudinem,
707 4337 839 4376 seruuues
853 4319 989 4376 consecuti.
