2802 4624
231 331 308 406 612
371 340 408 410 C·
422 339 458 410 B.
474 338 588 409 HASH
599 340 750 409 NOTAE
766 340 811 410 nt
825 339 951 410 LEON.
971 337 1084 406 DIAC.
1097 339 1175 406 LlB.
1186 339 1231 406 X.

233 503 333 562 derat:
362 503 469 562 Sancti
501 501 661 577 Simeonis,
691 501 746 579 qui
773 502 807 558 in
835 496 979 558 seditione
1007 496 1148 558 Cionensi
1173 499 1334 560 occubuit.

232 589 294 650 Nec
308 587 411 660 facile,
432 596 467 646 ut
479 584 538 644 hoc
549 585 645 644 obiter·
657 585 764 662 dicam,
786 605 818 643 ea
831 585 864 642 in
876 584 1010 643 versione
1021 585 1165 665 pagellam
1178 585 1334 662 invenias,

234 673 309 753 quin
326 673 365 730 ait
383 672 543 731 deformata
565 671 732 745 erroribus,
754 669 985 749 interpretisque
1007 689 1059 728 seu
1076 669 1258 748 imperitiam
1276 689 1334 729 seu

231 756 418 816 oscitantiam
443 755 559 835 prodat.
603 754 693 813 Velut
719 759 790 821 887.
819 755 853 813 Ι).
876 753 1077 835 Sophronias,
1106 755 1158 834 qui
1176 775 1253 814 saec.
1270 776 1331 816 vn.

229 841 452 919 Hierosolymis
462 839 630 900 Patriarcha
644 839 711 915 tuit,
720 840 758 898 ad
774 839 940 913 Hortarium
954 841 1028 920 lrnp.
1041 859 1116 898 saec.
1128 859 1159 898 v.
1174 849 1333 900 mortuum

229 926 382 1005 scripsisse
402 925 514 984 dicitur
538 925 709 1005 epistolam,
739 920 761 1003 ἣ
785 917 935 1002 ἀπεστάλη
957 925 990 988 ἐν
1005 918 1098 1008 Ῥώμῃ
1120 923 1258 1009 ‘Oenotro
1284 928 1333 1010 spi

229 1005 339 1090 ταύτης
356 1004 521 1090 ἔπᾶρχοντι.
563 1009 721 1068 Schottus:
743 1011 882 1067 Honorio
903 1011 1043 1068 Romano
1059 1009 1240 1089 Imperatori
1253 1013 1333 1067 mis.

228 1115 305 1154 sam.
348 1093 452 1154 Verte:
473 1097 628 1168 Honorio,
650 1095 746 1153 leuius
759 1092 854 1173 [urbis
870 1094 990 1173 Romae]
1005 1098 1153 1166 antistiti,
1177 1095 1332 1156 Pontifici.

229 1179 381 1260 Epistolas
404 1199 523 1260 quoque
551 1179 667 1256 Photii,
696 1201 713 1237 a
737 1179 884 1239 Richards
907 1179 1089 1239 hlontacutio
1110 1191 1212 1239 tersae
1235 1190 1332 1259 atque

230 1265 336 1341 editae,
357 1285 420 1324 non
434 1266 585 1324 meliorem
599 1262 755 1323 subierunt
772 1267 932 1324 fortunam.
973 1265 1048 1324 Nem
1063 1264 1152 1322 modo
1164 1265 1331 1344 interpres,

196 1385 199 1389 ·
230 1358 265 1410 ut
285 1358 349 1410 erat
367 1350 453 1410 rudis
475 1371 575 1412 rerum
591 1349 838 1430 Byzantinarum,
859 1349 1130 1430 protospatharium
1143 1349 1181 1408 ob
1198 1371 1260 1410 non
1274 1351 1332 1408 in·

230 1456 386 1516 tellectum
406 1458 513 1536 siglum
537 1459 717 1545 ασποθαρίῳ
736 1452 819 1540 (vide
842 1477 933 1538 supra
948 1461 1017 1524 217.
1033 1455 1083 1534 A.)
1096 1454 1332 1554 {spatharium

230 1573 320 1624 vocat
329 1568 379 1630 69.
394 1565 425 1623 Α.
440 1574 470 1624 et
488 1565 617 1644 primum
633 1565 782 1623 notarium
799 1563 847 1621 vel
863 1561 1067 1642 primicerium
1084 1556 1292 1646 (ονοτᾶριον)
1307 1583 1330 1620 a

232 1652 365 1708 notariis
386 1653 457 1715 361.
480 1651 511 1711 B.
537 1650 625 1708 modo
640 1658 703 1707 tum
719 1647 899 1726 religionum
911 1658 974 1707 tum
991 1647 1108 1726 linguae
1123 1650 1252 1716 Graecas
1270 1649 1330 1707 acl-

231 1735 354 1794 modurn
378 1754 409 1791 se
429 1733 558 1792 ostendit
579 1733 761 1812 imperitum.
802 1732 852 1791 Sic
881 1735 931 1798 73.
954 1733 987 1793 C.
1006 1733 1131 1810 legitur,
1158 1733 1330 1792 ridiculene

232 1819 327 1878 dicam
348 1837 387 1875 an
408 1818 562 1877 scelerate:
583 1817 742 1876 retributio
766 1839 787 1874 a
810 1817 903 1874 caelis
920 1821 1052 1896 reposita
1073 1829 1116 1876 est
1130 1822 1171 1877 iis
1183 1821 1239 1898 qui
1255 1840 1330 1876 crem

117 1911 147 1975 Ρ,
163 1909 216 1968 264
223 1906 383 2004 proposito
405 1901 568 1961 mentiendi
580 1903 669 1962 rerba
689 1906 786 1982 impia
793 1903 955 1980 protulere.
996 1903 1053 1961 Sed
1066 1902 1179 1963 locutio
1197 1911 1260 1976 τοῖς
1276 1903 1328 1966 tet

230 1989 359 2064 ψευδεοι
373 1987 456 2068 (inps
470 1984 604 2068 πονηρὸν
619 1986 847 2068 ὑφισταμένοις,
870 2008 943 2066 quae
956 1996 999 2046 est
1011 1989 1118 2047 allusio
1127 1989 1165 2047 arl
1180 1992 1210 2049 8.
1219 1988 1327 2051 hlatth.

230 2071 266 2131 V.
283 2076 331 2138 11.
347 2071 390 2132 sic
410 2081 473 2132 eret
488 2074 654 2132 reddendas
677 2076 717 2132 iis
732 2076 787 2153 qui
800 2073 919 2130 molum
931 2072 1055 2131 verbum
1073 2085 1179 2132 contra
1200 2096 1233 2131 se
1244 2095 1327 2132 nten-

231 2155 347 2218 {lnciter
359 2159 517 2243 prolatum
539 2162 704 2233 sustinent,
727 2158 901 2238 patiuntur,
924 2157 1060 2223 tolerant
1102 2160 1141 2217 Et
1157 2162 1205 2225 13.
1222 2161 1254 2218 C.
1270 2183 1327 2222 ers-

229 2248 349 2324 ρελθεῖν
364 2244 514 2305 αἰτεῖσθαι
528 2242 562 2307 τὸ
573 2239 717 2325 ποτήριον
731 2248 786 2306 τοῦ
800 2239 954 2319 θανάτου,
975 2242 1026 2304 nel
1051 2238 1142 2319 δόξαν
1157 2236 1242 2327 αὐτῷ
1269 2267 1327 2306 aso·

228 2333 293 2389 λεῑν
306 2322 408 2406 πάλιν,
427 2331 526 2402 vertit,
543 2329 699 2408 deprecari
713 2341 747 2387 ut
765 2340 903 2388 transcat
918 2333 1025 2386 mortis
1032 2329 1191 2408 poculum,
1207 2341 1237 2386 et
1250 2351 1328 2387 ears-

229 2409 296 2470 dem
319 2435 426 2471 rnrsres
444 2415 698 2494 glorificationem
717 2412 830 2488 dicere,
852 2435 913 2472 non
937 2413 1140 2473 animadverso
1163 2413 1327 2493 participio

227 2496 471 2577 nominatimque
490 2499 624 2558 absoluto
643 2503 674 2558 in
690 2499 782 2558 altera
797 2508 882 2578 parte
897 2499 1068 2574 locutionis,
1091 2500 1133 2557 sic
1150 2500 1326 2558 vertendae:

228 2579 311 2658 depr.
330 2594 365 2638 ut
378 2594 513 2640 transeat
527 2587 633 2642 mortis
647 2585 794 2662 poculum
802 2629 810 2658 ,
832 2595 859 2640 et
875 2581 956 2641 illud
968 2582 1049 2642 idem
1062 2581 1147 2664 (ozan
1162 2586 1209 2642 ita
1222 2587 1328 2642 sistens

227 2666 290 2744 ipsi
299 2665 428 2747 fuisset)
445 2689 555 2728 recrees
566 2689 720 2729 arcessere.
757 2669 814 2728 Sed
829 2666 982 2727 infinitum
996 2677 1072 2728 esset
1082 2668 1234 2748 sigillatim
1251 2689 1327 2750 per·

227 2750 328 2829 sequi,
349 2750 401 2810 ubi
418 2752 546 2812 oscitans
561 2754 708 2834 interpres
725 2753 776 2813 ille
792 2753 958 2812 alucinatus
974 2761 1027 2813 est.
1296 2807 1299 2812 .

312 2833 391 2898 thid.
415 2837 468 2897 lin.
491 2843 540 2904 16.
556 2832 615 2918 τήν
637 2860 668 2900 τε
681 2835 837 2922 Λογγιοὶδοι
857 2838 907 2900 καὶ
923 2834 974 2900 τόν
995 2836 1123 2919 Δροζῆν]
1142 2837 1268 2924 cedrea.
1285 2838 1326 2899 ll.

227 2923 300 2986 683.
317 2921 347 2979 C.
366 2919 456 2980 hebet
477 2917 552 2984 κοτᾶ
573 2919 629 3002 τήν
642 2917 822 3004 Ἀνοὶζαρβον
842 2922 894 2985 nol
912 2920 966 2985 riv
984 2918 1161 2986 Ποδονόόν·
1191 2924 1326 3004 Scylitza

226 3025 282 3066 ms.
295 3001 352 3088 τήν
363 2999 544 3088 Ἀνοὶβορζαν
561 3006 641 3088 (vide
654 3027 744 3087 supra
757 3011 808 3074 82.
821 3005 868 3089 Β.)
882 3006 933 3069 nel
948 3003 980 3070 si
997 3005 1165 3072 Πανδοὸὁν.
1208 3005 1325 3090 Astiis·

225 3089 290 3147 sive
303 3095 413 3173 Δριζῆς
436 3091 556 3151 videtur
576 3093 660 3152 locus
679 3112 766 3172 quem
787 3094 916 3152 Zonaras
939 3093 978 3154 11.
999 3098 1070 3162 201.
1091 3096 1126 3158 Α.
1155 3095 1324 3176 Δριζίβιον,

227 3173 351 3236 Cedren.
367 3177 403 3236 ll.
419 3177 490 3244 554·
509 3179 540 3236 D.
554 3180 678 3259 Λρίζιον
693 3199 717 3236 s.
732 3178 856 3258 Δριζὶον
871 3187 990 3238 vocant.

311 3263 391 3339 Pae·
408 3265 477 3329 178.
491 3263 551 3323 iin.
569 3269 598 3328 7.
617 3257 654 3324 rei
669 3255 1053 3344 (ivnioperoJ‘Ponoiopnso
1067 3271 1140 3322 sunt
1153 3261 1325 3344 saepissime

199 3341 310 3421 nspud
332 3345 493 3423 scriptores
518 3345 700 3407 Christianos
727 3351 958 3427 inquinamenta
988 3369 1040 3408 seu
1060 3349 1198 3407 macniae
1221 3348 1323 3424 animi,

226 3424 259 3486 h.
278 3444 303 3484 e.
317 3440 455 3505 peccata.
497 3431 651 3511 Usurpant
666 3433 707 3491 ita
722 3432 914 3514 Tbeophanes
928 3434 1076 3494 Nicaenus
1093 3435 1187 3512 Epist.
1205 3433 1323 3493 doctri-

222 3507 337 3571 aalide
357 3513 498 3590 patientia
521 3525 551 3573 et
572 3517 786 3592 longanimitat.
812 3519 861 3585 40.
877 3521 911 3580 Α.
928 3521 957 3577 8.
971 3519 1095 3578 Basilius
1111 3519 1206 3598 Epist.
1228 3539 1325 3578 cano-

222 3593 291 3652 nica
306 3613 339 3658 11.
357 3596 395 3655 ad
412 3598 600 3678 Amphiloch.
620 3601 658 3658 ll.
677 3603 749 3666 773.
770 3602 801 3664 C.
817 3601 983 3682 Hesychius
1006 3603 1164 3682 presbyter
1181 3605 1223 3663 De
1243 3613 1325 3662 tem·

222 3689 338 3758 perant.
351 3689 379 3740 et
392 3680 503 3742 virtute
514 3683 537 3745 l.
554 3687 645 3749 1001.
656 3683 688 3746 Δ.
705 3686 763 3744 Leo
775 3687 850 3768 Imp.
865 3690 900 3747 ln
912 3687 1033 3748 exaltat.
1045 3690 1076 3749 8.
1090 3688 1194 3746 Crucis
1206 3691 1281 3754 268.
1293 3693 1323 3754 9.

223 3763 255 3823 8.
269 3763 428 3840 Gregorius
441 3769 526 3847 Nysa.
555 3769 590 3827 In
604 3768 786 3850 principium
799 3772 889 3835 ieiun.
903 3773 952 3833 lll.
966 3774 1038 3839 217.
1053 3773 1087 3832 Ι).
1100 3773 1209 3850 aliique
1225 3773 1324 3832 multi.

310 3847 387 3908 lbld·
402 3851 458 3912 lin·
473 3859 522 3920 22.
540 3848 695 3926 irremote
711 3855 754 3929 ἓξ,
775 3851 852 3935 πρὸς
865 3851 1169 3938 ήμέροιςτριᾶκοντο]
1184 3857 1235 3916 8ἰο
1249 3857 1325 3918 Cod.
1387 3901 1388 3904 ¹

221 3950 285 3990 non
303 3933 394 4012 siglis,
412 3937 467 3995 sed
482 3938 579 4016 plenis
592 3936 710 3997 litteris.
751 3939 828 3998 Male
847 3941 931 4000 Cedr.
946 3941 983 4001 Il.
1006 3943 1076 4008 684.
1091 3943 1123 4002 B.
1141 3937 1326 4022 βασιλεύσας
1385 3961 1387 4026 Ι

221 4014 273 4095 lan
287 4011 311 4087 ς’
318 4062 327 4093 ,
349 4014 510 4094 τοσούτους
529 4026 643 4102 μῆνας·
665 4042 735 4082 nam
749 4023 906 4085 Teimisces
922 4025 968 4086 die
980 4047 1025 4086 xr.
1039 4027 1186 4087 llecenrbr.
1205 4049 1232 4086 a.
1248 4031 1324 4094 969.
1386 4029 1387 4032 ’

221 4111 311 4160 nocte
333 4103 428 4161 medin
452 4104 616 4184 imperator
640 4107 786 4168 salutatus
805 4109 886 4188 (vids
904 4130 993 4191 supra
1008 4115 1080 4179 225.
1096 4109 1159 4192 h),
1183 4112 1260 4172 obiit
1275 4112 1325 4172 dis

220 4201 252 4278 ¹:
271 4185 400 4246 Ianuarii
412 4208 438 4247 a.
455 4194 525 4256 976.
546 4189 717 4252 Elmacinus
739 4193 815 4253 trist.
834 4198 896 4256 Sar.
912 4198 984 4263 218.
1002 4197 1036 4258 0.
1055 4216 1218 4278 perpetem
1241 4199 1324 4259 scri·

220 4263 282 4346 hat,
303 4289 372 4331 sum
387 4293 488 4335 manse
500 4275 606 4337 Martio
623 4276 685 4341 rita
700 4278 847 4343 functum.

646 4415 891 4438 m
