2802 4624
304 310 376 426 ,us
395 307 551 378 neoris
571 306 754 378 niscoru
773 306 851 374 us.
872 305 913 373 x.
994 283 997 294 '
1091 297 1167 372 reo

69 469 218 549 simeonis
227 441 290 547 par
302 469 337 529 F.
350 468 485 542 Martia,
503 466 538 525 in
551 467 699 546 Magusin
711 445 983 544 Eurydloptdiqsee‚
1005 465 1170 544 Septembre

6 563 8 626 ἒ
78 557 171 619 1811.
205 554 278 612 (lum
303 552 434 612 annalib.
455 551 603 610 Armeniis
628 549 739 628 egregio
762 550 908 609 consentit
936 549 1169 632 Abulpharajius

74 637 155 698 Hist.
171 639 293 717 Dynast.
310 637 383 703 815.
407 636 441 695 B.
463 633 514 714 qui
538 636 686 694 Romanos
711 635 748 693 ab
769 635 835 714 ipso
854 635 1026 694 Domestico
1050 635 1167 710 ductos,

75 722 338 800 Domesticnmque
356 729 477 800 captum
492 739 555 778 esse
565 718 679 778 scribit.-
719 717 765 778 Ad
783 740 890 780 annum
908 728 1079 798 sequentem
1093 725 1167 787 973.

76 805 231 887 pertinent
245 805 396 885 expeditio
412 803 624 882 Mesopotamia
636 804 796 864 Teimiacae
816 806 893 888 (Leo
909 810 959 871 99.
974 801 1029 883 G.)
1049 805 1169 864 Basilii-

78 909 139 970 que
154 889 343 950 Patriarchse
369 889 532 969 depositio,
554 888 590 948 de
604 909 662 969 qna
677 895 747 956 100.
769 890 804 949 1).
829 889 866 949 ad
888 909 1001 950 annum
1021 889 1092 956 974.
1113 909 1170 950 ex-

76 975 194 1056 peditio
210 977 244 1036 in
261 973 392 1054 Syriam,
417 983 447 1032 et
467 983 595 1034 cometes
617 984 699 1034 ortus
721 973 801 1057 (vide
818 975 888 1041 101.
902 972 951 1053 A).
993 975 1170 1035 Taimiseem

78 1058 343 1139 Constantinopoli
360 1057 464 1118 obiisse
477 1058 525 1117 die
537 1079 569 1119 x.
583 1059 713 1120 Ianuarii
726 1081 753 1119 a.
766 1060 915 1138 sequentis
930 1059 1002 1127 976.
1015 1080 1054 1121 ex
1067 1061 1168 1120 Leone

79 1143 213 1204 dilucide
226 1144 409 1205 demonstrat
422 1143 526 1222 Pagina
546 1145 646 1207 Critic.
661 1144 712 1204 lv.
728 1148 780 1210 87.
794 1145 830 1205 A.
910 1179 913 1184 ι

162 1231 243 1308 Pag.
266 1233 336 1294 162.
357 1229 411 1288 lin.
431 1233 463 1293 2·
484 1230 702 1308 χρυσοστίιιιοις
721 1223 919 1308 ὑφάσμασιν]
949 1223 1198 1310 ΧρυσὸπιιιτιιςΒ

77 1331 143 1372 nou
157 1323 203 1373 est
214 1315 246 1373 in
256 1311 389 1372 hericis:
410 1313 471 1371 Leo
489 1313 611 1372 fortasm
622 1311 712 1372 habet
732 1332 770 1370 ex
794 1313 823 1375 S.
840 1313 988 1372 Clemente
1003 1313 1165 1374 Alexandr.

78 1397 204 1477 Pacdag.
219 1403 291 1464 160.
306 1399 338 1458 Β.
350 1390 553 1479 χρυσὸστικτοί
567 1419 599 1460 τι
612 1395 665 1460 arei
685 1390 814 1476 χελώνης
829 1394 868 1475 [f.
880 1390 1040 1476 χελώναις]
1063 1420 1171 1461 nenos·
1214 1419 1217 1426 ’

4 1497 5 1500 ’
77 1481 214 1564 eripiens
229 1484 332 1562 κοίτης
347 1475 506 1556 κλισιάδες.
540 1477 763 1564 Χρυσοσιιγὴς,
784 1501 875 1558 aeque
893 1478 1008 1540 Lexicis
1026 1479 1171 1560 ignotum,

4 1583 5 1588 ’
78 1565 191 1644 legitur
207 1567 286 1648 apud
303 1569 333 1627 S.
345 1564 453 1648 Epiph.
467 1568 512 1626 De
528 1565 687 1626 duodecim
699 1585 804 1644 gemm.
818 1563 856 1625 ll.
870 1571 942 1631 227.
957 1565 988 1624 C‘.

165 1652 244 1712 ibid.
266 1653 320 1713 lin.
344 1653 395 1719 24·
417 1645 491 1732 μήτε
511 1647 594 1734 ὕδωρ
616 1645 840 1734 illumirante]
862 1649 991 1710 Verbum
1008 1643 1172 1730 prandea,

79 1738 116 1797 in
130 1736 247 1800 Lexicis
266 1736 338 1796 item
361 1737 619 1816 praetermissum,
642 1737 818 1798 oceanitin
835 1737 865 1794 S.
883 1733 1001 1794 loannis
1021 1733 1171 1814 chrysost.

80 1821 145 1904 (cui
159 1831 238 1882 certe
249 1823 341 1901 vulgo
356 1819 515 1900 tribuitur)
531 1825 612 1884 Orat.
625 1843 669 1882 av.
681 1824 725 1881 De
737 1823 828 1882 ieiun.
845 1820 894 1882 Vl.
910 1820 981 1900 985·
994 1823 1044 1886 28.
1061 1818 1172 1898 phrasi,

3 1897 5 1930 ⁷
77 1907 162 1966 unde
181 1909 307 1967 sonasse
324 1907 383 1965 Leo
406 1907 525 1966 sumsit:
546 1908 591 1969 Αἱ
611 1911 672 1968 saie
691 1901 813 1968 aidricus
833 1904 942 1986 πηγαὶ,
961 1899 1170 1986 ductorium

76 1986 293 2073 καθαρώτερον
308 1987 343 2052 sd
357 1985 442 2070 ὕδωρ
458 1985 685 2070 βλιιστᾶνουσιν.
725 1991 801 2049 Nam
815 2009 971 2071 perperam
986 1990 1083 2067 legere
1095 2009 1172 2049 non-

76 2075 157 2135 nulli
181 2076 290 2134 volunt
313 2067 482 2152 βλύξονσιν.
523 2074 598 2133 Item
618 2074 701 2138 Orat.
723 2074 757 2132 in
774 2084 886 2137 turtur.
903 2075 968 2132 Vll.
982 2079 1052 2139 266.
1072 2076 1121 2139 14.
1139 2073 1172 2136 ἐν

77 2157 161 2242 μέσῳ
173 2162 227 2237 τῆς
238 2158 364 2239 καρδίας
377 2153 550 2236 diversivoca
563 2155 737 2238 φιλόχριστα
753 2154 880 2238 νάματα.
903 2157 1008 2216 Inveni
1021 2166 1174 2236 praeterea

78 2241 297 2303 substantivum
309 2261 456 2321 peraeque
469 2243 586 2302 Lexicis
598 2242 743 2319 ignotum,
752 2240 788 2323 ἡ
807 2236 911 2322 plaicio
924 2245 978 2319 τῆς
990 2243 1076 2320 ζῳῆς,
1093 2243 1173 2318 fons

2 2365 3 2406 ᾗ
77 2325 187 2403 istaes
204 2326 241 2385 in
259 2325 478 2406 Theophylacti
503 2327 657 2404 Bulgariee
674 2325 850 2408 archiepisc.
871 2327 1035 2384 Commeat.
1061 2325 1174 2384 inedito

2 2459 3 2464 .
78 2413 114 2472 in
133 2412 240 2472 Psalm.
262 2411 300 2471 ad
316 2412 421 2484 verba,
443 2408 525 2493 asupd
547 2411 597 2476 eoi
614 2407 695 2492 apyri
717 2414 810 2493 ζωῆς,
831 2412 929 2472 Pselm
950 2430 1060 2471 xxxva.
1074 2416 1102 2477 9.
1120 2411 1201 2472 velc

80 2496 153 2578 (alii
175 2495 255 2556 enim
279 2495 365 2556 aliter
386 2494 564 2578 numerant)
585 2517 683 2558 xxxv.
709 2503 757 2563 10.
791 2495 819 2555 A
837 2497 929 2556 verbo
953 2490 1052 2576 βλύζω
1068 2494 1175 2555 deduci

2 2645 3 2650 ,
80 2574 223 2663 {il-sidroc,
245 2582 313 2656 ires,
335 2590 424 2661 atque
444 2581 516 2642 inde
534 2581 676 2642 brodium
692 2581 881 2658 Latinorum,
906 2580 1068 2641 Salmasius
1083 2589 1174 2639 autu·

78 2674 144 2728 mat
158 2666 195 2725 ed
208 2664 286 2726 Hist.
300 2665 375 2743 Aug.
389 2666 460 2732 412.
473 2667 506 2732 A.
548 2668 608 2728 Ubi
619 2669 679 2728 Leo
694 2661 858 2747 βλιιιιτᾶνω,
880 2665 923 2726 ibi
935 2665 1075 2746 Agathies
1088 2685 1175 2726 usur·
1206 2687 1211 2702 ι
1237 2695 1243 2704 ,

79 2760 135 2832 pat
152 2744 325 2830 ἆναβλύζω,
348 2757 418 2818 126.
433 2753 465 2811 B.
926 2753 928 2762 ’

2 2897 3 2900 ,
164 2837 244 2913 Pag·
267 2838 338 2901 163.
358 2838 413 2896 lin.
434 2841 463 2902 9.
489 2840 659 2919 Ῥηνιιιαῦτα
671 2834 739 2915 ascl]
761 2834 845 2911 Quae
867 2845 1034 2917 sequuntur
1050 2855 1067 2894 a
1084 2836 1174 2896 Com-

80 2919 185 2980 beiisio
204 2939 291 2979 versa
307 2930 377 2980 sunt
391 2919 441 2981 tv.
460 2926 514 2989 87.

165 3002 243 3066 lotd.
267 3004 322 3066 lin.
344 3013 394 3074 22.
415 3002 581 3092 καὶταύτῃ
604 3002 646 3088 μὴ
667 2999 899 3084 ἆιιειιδιιὸμενος]
922 3003 971 3063 Sic
985 3024 1053 3062 mam
1072 3002 1174 3061 dativo

82 3089 232 3150 construit
250 3089 325 3161 Leo,·
344 3090 517 3152 mire'sane:
541 3090 709 3152 accusativo
725 3090 855 3167 iungunt
869 3092 897 3146 S.
915 3089 1025 3148 Paulus
1041 3087 1175 3166 Epistola

82 3175 122 3235 ud
142 3174 252 3234 Coloss.
276 3173 378 3240 11.15.
398 3175 449 3236 ΙΙΙ.
464 3180 494 3241 9.
520 3175 665 3256 Iosephus
679 3174 781 3252 Antiq.
796 3173 860 3234 lud.
876 3174 947 3240 204.
965 3174 1000 3232 l).
1014 3175 1042 3232 S.
1057 3174 1175 3249 Grego-

81 3260 145 3320 rius
158 3259 243 3338 Nyss.
257 3259 301 3318 De
316 3258 446 3336 virginit.
461 3260 497 3318 Il.
515 3263 586 3327 583.
599 3262 633 3320 l).
647 3263 675 3321 S.
687 3259 813 3319 Basilius
827 3258 921 3337 Epist.
933 3277 1051 3318 aaran.
1067 3257 1105 3317 ad
1119 3258 1175 3316 Pa·

82 3342 248 3423 trophilum
267 3342 303 3404 ll.
332 3347 403 3410 908.
422 3344 454 3403 C.
472 3346 614 3423 Origenes
629 3343 759 3405 Humilia
779 3363 823 3402 rx.
836 3342 869 3400 in
881 3342 983 3403 lesem.
997 3347 1066 3408 106.
1086 3342 1119 3401 Β.
1133 3343 1176 3402 lla

76 3429 116 3508 ¹vi
130 3437 160 3487 et
173 3427 397 3490 constructione
411 3429 496 3489 verbi
517 3430 611 3490 multa
631 3428 750 3507 collegit
760 3428 809 3488 vir
820 3428 1000 3488 merendus
1007 3427 1110 3488 lemn.
1123 3428 1174 3487 Fr.

2 3586 3 3591 ἵ
84 3510 295 3572 Schleasnerus
314 3513 424 3574 Lexico
436 3514 471 3573 in
485 3515 558 3579 Noa.
574 3515 651 3578 Test.
664 3515 687 3576 l.
711 3514 781 3581 255.
796 3514 827 3575 C.
1025 3575 1031 3594 „

168 3598 249 3675 Pag-
272 3598 342 3662 164.
364 3599 419 3658 lin·
441 3604 472 3666 3.
493 3597 546 3673 τὰς
574 3593 731 3682 ἆναγωγιῖς
750 3597 808 3661 rel.
824 3591 1018 3680 'darespopdr
1036 3597 1097 3658 sair
1118 3589 1176 3657 α’ν·

2 3735 3 3742 .
84 3679 177 3762 doeio]
191 3681 222 3738 Si
234 3688 386 3759 utcunque
399 3675 540 3769 ἆναγωγή
550 3685 628 3744 tueri
640 3685 723 3760 velia,
736 3685 852 3762 melius,
866 3683 981 3762 opinor,
995 3681 1177 3741 luissetver-
1292 3725 1294 3730 .

17 3761 22 3772 ⁶
83 3777 163 3842 tere,
183 3763 444 3844 indisciplinose
460 3769 754 3832 conversationibus:
777 3791 846 3830 nam
866 3760 1009 3850 dvayoyri
1023 3763 1177 3825 interdum

83 3873 141 3934 pro
149 3847 317 3928 disciplina
328 3853 404 3910 sumi
416 3864 521 3914 notum
535 3865 588 3930 est,
597 3848 767 3938 α’νιιγωγεῦς
779 3876 834 3936 pro
848 3853 979 3927 eductor,
994 3869 1082 3910 sensu
1090 3849 1179 3908 etiam

83 3934 227 4017 physico,
247 3936 439 4012 quiescerem
454 3941 545 4002 tollit.
587 3939 786 4001 Nihilominus
803 3939 903 3999 malim
921 3939 1018 4015 legere
1032 3928 1084 4006 τὰς
1096 3927 1172 4012 ἄγω-

2 4017 3 4026 ³
84 4016 149 4102 yde,
163 4019 346 4097 tumemus,
357 4023 526 4081 institutis:
548 4022 607 4084 hoc
619 4027 698 4086 enim
711 4026 811 4087 velere
828 4020 939 4106 ἀγωγή,
954 4019 1071 4098 scripit.
1088 4015 1204 4076 Chri-l)
1220 4039 1221 4047 ¹

87 4105 190 4163 stianis
214 4103 333 4183 copiose
355 4105 465 4167 docent
482 4109 562 4190 apud
585 4111 695 4173 Suicer.
712 4111 855 4172 Thesaur.
869 4108 982 4169 Eccles.
995 4104 1019 4163 Ι.
1037 4107 1087 4168 72·
1103 4102 1139 4158 D·
1150 4107 1181 4159 Θῑ

88 4187 272 4249 Schleusner.
290 4189 362 4250 Lex.
383 4192 417 4250 in
437 4193 513 4254 Noa.
534 4193 611 4254 Test.
625 4195 648 4253 I.
662 4200 714 4262 88.
733 4197 766 4256 Β.
781 4203 917 4271 congesta
932 4187 1084 4267 exempla,
1106 4203 1180 4265 quas
1293 4231 1297 4240 .

88 4271 178 4331 iacile
193 4283 269 4332 esset
280 4293 386 4356 augme
401 4275 535 4340 infinite:
559 4280 662 4342 causer
681 4297 757 4362 quae
771 4279 889 4340 erudite
901 4278 1056 4355 disputant
1068 4271 1107 4332 de
1122 4270 1181 4332 hac
