2802 4624
223 285 298 364 492
566 295 604 363 C.
623 297 659 364 B.
681 291 798 362 HASll
817 292 968 362 NOTAE
1011 397 1017 410 .

222 455 339 535 gotium
358 453 491 534 Prerbyt.
518 453 588 512 Vita
610 454 641 513 S.
663 432 797 530 Gregorii
810 450 947 526 Neriene.
962 451 985 512 Ι.
1002 450 1099 534 cxlrrj.
1115 449 1150 512 Α.
1165 469 1311 532 προνοητι-Ι

222 545 284 613 utic
296 539 404 602 εἰπεῖν·
426 538 570 598 alluditur
583 537 621 597 ad
637 538 756 596 leaaiam
767 557 846 597 xxx.
864 541 913 603 17.
934 537 987 596 Vel
1002 536 1135 597 Concilio
1150 536 1312 598 Oecumen.

224 624 350 705 septimo
363 623 396 683 in
411 623 587 684 refutatione
606 621 787 681 delinitionis
803 622 977 682 lconoclaet.
991 622 1041 682 IV.
1051 625 1122 687 328.
1138 621 1172 682 Ε.
1191 643 1314 703 προφη-

193 713 313 782 Βτικαῖς
334 703 445 786 φάναι,
473 701 732 788 άναμλσον-άγλον
752 705 804 770 uel
823 700 955 786 βεβήλου
983 700 1022 768 ον’
1042 705 1212 770 ὃιέστειλαν.
1253 706 1314 769 Ubi

221 803 373 876 praeterea
395 793 568 852 vertendum
590 811 668 868 non,
689 801 725 848 ut
738 790 912 870 prophetice
924 794 1103 869 fateamur,
1130 790 1212 869 quod
1231 790 1315 851 dedit

220 888 308 940 vetus
322 878 476 956 interpres,
498 897 560 936 non
575 875 815 935 animadvertens
830 895 892 936 eeae
906 877 1005 936 locum
1018 877 1190 956 scripturae
1201 895 1313 952 aacrae,

221 964 292 1025 aad:
314 973 349 1018 ut
357 960 522 1040 prophetae
540 959 714 1040 [Ezechielia
729 979 808 1020 xm.
822 960 890 1040 26]
905 961 1004 1022 verbis
1016 973 1150 1019 utamur.

304 1044 382 1106 Ibid.
405 1045 460 1104 lin.
482 1050 533 1112 21-
553 1040 704 1107 Ἐνταῦθα
730 1047 867 1130 φρουρίῳ
895 1041 1091 1126 προσβάλλει]
1111 1043 1189 1118 lata,
1216 1062 1314 1122 usque

221 1131 259 1192 ad
273 1130 364 1190 verba
382 1129 414 1192 ἐκ
434 1124 562 1210 βάθραν
582 1123 754 1211 άνήγειρεν,
776 1139 844 1190 ante
866 1129 998 1192 Bandar.
1017 1129 1145 1210 Imperio
1168 1129 1313 1192 Oriental.

220 1217 257 1276 ll.
279 1216 350 1281 481.
368 1215 417 1290 B.,
439 1214 520 1294 apud
539 1235 626 1292 quem
650 1217 736 1298 Σνρρῖ
754 1214 861 1292 legitur
880 1223 911 1273 et
926 1213 1096 1294 Μεμπετζὲ,
1117 1214 1177 1272 iam
1190 1213 1315 1272 Ducan-
1383 1213 1385 1328 1

220 1299 287 1378 gius
308 1299 483 1376 vulgaverat
502 1298 584 1359 Nott.
596 1301 629 1358 in
644 1301 775 1358 Zoneree
792 1299 898 1358 Annal.
912 1299 947 1361 ll.
966 1304 1035 1366 107.
1050 1301 1084 1357 l).
1100 1318 1162 1357 non
1179 1296 1242 1357 sine
1256 1297 1315 1356 mi·
1384 1337 1385 1346 π

178 1445 183 1458 ,
220 1385 303 1444 nutia
321 1385 455 1459 mendic,
478 1403 553 1463 quae
566 1395 665 1444 temen
679 1383 757 1442 tanti
770 1404 830 1443 non
847 1392 933 1459 sunt,
954 1393 989 1443 ut
1006 1382 1156 1462 sigillatim
1172 1382 1315 1460 exagitet.
1384 1439 1385 1452 ,

221 1469 270 1529 ad
288 1467 367 1527 hanc
387 1469 607 1548 expeditionem
626 1450 776 1548 Spriacam
799 1455 977 1544 Ττίαιίεσοε,
999 1488 1026 1528 a.
1044 1467 1116 1536 974.
1132 1475 1314 1546 euaceptam,
1382 1453 1385 1548 l

221 1554 392 1614 Elmacinua
412 1555 490 1614 Hiat.
515 1555 611 1614 Sarac.
633 1553 755 1619 2113.st
775 1570 931 1633 perperam
951 1553 1043 1612 relert
1063 1552 1315 1632 expugnationem

221 1637 412 1714 Antiochiae,
427 1631 541 1698 'sectam
557 1660 574 1696 a
587 1637 684 1697 Burze
702 1657 728 1695 a.
743 1642 822 1704 969:
845 1637 913 1698 vide
927 1657 1016 1717 supra
1032 1637 1133 1717 42¹1).
1146 1647 1175 1696 et
1190 1641 1263 1702 221.
1278 1636 1312 1704 Α.
1384 1647 1385 1690 ῑ

302 1727 384 1800 Pag.
409 1728 478 1789 166.
499 1725 554 1784 lin.
578 1726 628 1787 18.
651 1715 810 1783 Ἐντεῦθεν
820 1717 952 1802 άπάρας]
974 1721 1156 1800 Haecnaque
1169 1721 1208 1780 ad
1221 1717 1314 1780 fineen

220 1807 327 1886 capitia
342 1807 378 1882 V,
401 1803 442 1878 σάς
454 1830 505 1886 μοι
520 1804 580 1884 ἤδη
592 1801 764 1884 δεδήλωται,
787 1811 858 1872 103.
875 1808 909 1883 Β,
932 1817 962 1865 et
974 1816 1100 1884 utraque
1113 1806 1217 1883 lingua
1232 1804 1314 1886 apud

219 1891 404 1951 Beoduriurn
424 1891 460 1952 ll.
481 1893 554 1958 480.
573 1891 606 1950 Β.
627 1899 658 1948 et
673 1889 785 1949 Graece
805 1891 952 1950 duntaxat
969 1891 1003 1950 in
1024 1890 1166 1968 Ducangii
1182 1890 1263 1949 Nott.
1280 1889 1312 1948 in

219 1977 326 2034 Zonar.
339 1975 377 2036 ll.
394 1979 464 2041 103.
477 1977 508 2033 G.
551 1976 609 2033 Sed
624 1973 681 2049 ibi,
703 1985 738 2033 ut
751 1974 809 2034 alia
822 1976 939 2036 minuta
953 1975 1060 2034 menda
1075 1985 1197 2050 taceam,
1220 1973 1313 2034 verba

192 2057 277 2140 στάν
287 2052 394 2137 electiva,
410 2061 632 2138 quaeleguntur
646 2060 680 2118 in
691 2059 750 2118 hac
763 2061 810 2120 ed.
825 2081 892 2140 pag.
908 2065 978 2128 167.
985 2060 1040 2124 lin.
1056 2059 1086 2124 4.
1109 2080 1171 2118 una
1189 2079 1259 2118 cum
1274 2057 1311 2118 li-

218 2165 272 2205 nea
281 2147 309 2210 5.
317 2144 430 2222 integra
439 2165 500 2204 non
514 2145 682 2222 einealiquo
695 2144 915 2225 perspicuitati·
927 2145 1103 2204 detrimento
1114 2145 1309 2216 omieraaunt,

219 2230 328 2310 opinor
342 2229 422 2308 quod
436 2249 525 2290 voces
545 2229 687 2310 repetitae
701 2234 879 2310 παραλιπεῖν
892 2239 922 2289 et
936 2229 1152 2310 παρειληφέναι
1167 2227 1312 2307 Ducangii

218 2313 413 2376 describentis
433 2315 536 2374 oculos
554 2313 718 2386 turbarent.
856 2349 858 2356 ·

240 2481 254 2549 ὲ
301 2403 382 2478 Pag.
406 2404 476 2466 167.
497 2399 552 2460 lin.
574 2405 603 2466 6.
623 2394 675 2490 τάν
693 2394 727 2461 dl
748 2401 808 2462 reia
828 2392 1039 2482 ὃμοθρήσιιοιν]
1062 2396 1232 2478 Ducaagiua
1252 2400 1312 2460 τάν

219 2485 238 2546 δ
272 2488 343 2558 τάν,
364 2485 449 2542 male.
1312 2519 1315 2526 ·

302 2565 379 2627 llu'd.
401 2569 454 2626 lin.
475 2573 505 2632 7.
526 2559 733 2647 πράςένιάπια]
757 2559 1203 2630 Vocemllcmericamlvaimov
1217 2565 1311 2648 (Iliad.

219 2655 254 2714 Θ.
267 2651 339 2717 435.
358 2655 397 2712 Ν.
420 2655 491 2718 261.
508 2651 615 2730 Odyss·
626 2658 668 2724 Λ.
684 2653 788 2718 42.·Χ.
806 2657 876 2718 121.
890 2653 958 2712 vide
974 2651 1120 2732 Heynium
1135 2650 1235 2712 virum
1253 2651 1312 2708 im-

217 2736 335 2796 mortal.
350 2735 435 2795 Obaa.
449 2735 487 2796 ad
502 2735 585 2796 Iliad.
600 2755 632 2796 v.
646 2735 717 2802 491.
732 2733 779 2820 Β.)
794 2755 856 2796 non
866 2737 1017 2798 intellexit
1028 2735 1168 2813 Banduai,
1182 2735 1227 2794 sic
1241 2755 1310 2794 rer-

218 2829 300 2899 tena,
323 2823 463 2879 coniectis
478 2819 576 2878 oculis
589 2822 623 2876 ιἰι
637 2841 681 2895 ια,
703 2842 783 2900 quae
800 2842 821 2878 a
828 2823 934 2898 fronte
952 2822 1014 2880 eibi
1030 2822 1143 2881 obiecta
1155 2829 1250 2878 ιναιιι.

176 2959 181 2972 ,
302 2903 382 2966 lbid.
395 2906 451 2964 lin.
464 2909 494 2971 8.
520 2898 770 2986 άνατιθειμένην]
783 2905 953 2988 Ducangiua
966 2901 1225 2988 άνατεθριμμὲνην
1234 2901 1309 2983 [εἰσ]

163 3033 167 3042 .
291 2988 380 3058 Jhtd.
403 2991 457 3054 lin.
479 2993 530 3056 19.
552 2982 796 3068 ἀποτρίψασθαι]
820 2990 949 3068 Ducaug.
965 2984 1211 3072 άπατρέψασθαι.

197 3105 199 3108 ·
302 3073 381 3138 leid.
405 3077 460 3137 lin.
482 3081 534 3142 20.
555 3073 721 3159 προσβολῇ]
743 3075 875 3153 Ducang.
898 3078 1050 3160 προβολῇ,
1073 3084 1102 3134 et
1123 3075 1310 3156 paulopost,

216 3161 254 3225 D.
282 3161 336 3220 lin.
361 3164 392 3227 3.
413 3156 485 3254 apale
517 3155 551 3222 ὄλ
582 3161 752 3240 δυσμενεῖς·
778 3159 851 3218 item
871 3160 927 3221 lin.
948 3161 977 3226 5.
1002 3160 1310 3238 accenderentur

215 3243 365 3326 Ἑβραίων
379 3244 489 3308 ἓστλαν.
527 3243 609 3317 Quae
622 3253 787 3322 aequantur
801 3243 922 3320 caritot,
944 3265 1039 3322 usque
1053 3243 1093 3302 ad
1104 3243 1203 3317 verba,
1225 3242 1276 3306 ιιαλ
1286 3265 1308 3306 τ.

219 3334 466 3414 μεγαλοπρεπῶς·
489 3348 565 3408 quae
579 3329 650 3388 item
670 3349 709 3389 ex
724 3327 832 3388 Codice
848 3328 1044 3390 restituenda.

190 3433 262 3560 ”ehi
301 3415 479 3562 gasse-Alfi&
502 3415 556 3474 lin.
577 3413 608 3478 6.
629 3413 848 3500 ρολιοριιεῖνέξ
865 3411 1040 3496 ἐπιδρομῆς]
1061 3410 1159 3472 Dictio
1175 3431 1212 3474 ax
1232 3411 1309 3492 aga-

228 3523 230 3526 ·
262 3519 298 3556 α’
346 3541 352 3555 .
403 3540 411 3555 .

303 3578 380 3642 lbid.
403 3583 460 3643 lin.
482 3584 513 3646 9.
536 3573 718 3660 εάχελμερον]
740 3581 881 3644 Occurrit
899 3576 1139 3662 ον’χελμεροςλιοο
1153 3581 1311 3640 fereeenau

218 3665 299 3749 apud
312 3665 405 3726 driet.
422 3667 465 3724 De
479 3685 542 3744 rep.
554 3665 591 3726 ll.
608 3665 679 3730 438.
696 3667 732 3726 Δ.
746 3684 916 3748 quanquam
926 3687 1031 3726 vocem
1045 3685 1108 3724 earn
1123 3665 1229 3724 eiicere
1244 3665 1313 3748 inde

218 3752 336 3816 volebat
349 3751 481 3810 Muretus
495 3741 593 3810 Variis
606 3750 688 3810 lectt.
700 3750 733 3810 in
749 3749 890 3812 Theaaur.
904 3751 971 3812 crit
987 3753 1107 3810 Gruter.
1119 3750 1157 3810 ll.
1175 3751 1267 3815 1125.
1280 3749 1311 3806 Β.

301 3833 381 3896 lbid.
403 3836 459 3896 lin.
484 3839 534 3902 20.
556 3827 609 3912 ἐφ’
636 3829 721 3909 ὅλαις
747 3835 871 3919 ἡμέραις
898 3835 1055 3914 ἐπεποίητο
1084 3830 1141 3914 τήν
1175 3829 1312 3911 ἐπιτολήν

219 3917 415 4008 ὀγδοήκοντα]
438 3920 587 3980 Cedrenu⁸
613 3917 649 3977 ll·
673 3923 745 3986 683.
764 3923 798 3983 Β.
815 3923 923 3995 νίεαιιιΧ
934 3941 995 3980 ease
1008 3920 1079 3978 ιλιι
1097 3937 1196 3978 menae
1210 3917 1312 3996 Angu-

217 4019 264 4068 eto
287 4005 351 4066 ind.
373 4005 424 4066 ΙΙΙ.
450 4004 505 4078 ἕως
528 3999 712 4086 Ὀιιτεοβρλον
733 4001 826 4085 μηνὸς
845 4009 900 4084 τῆς
921 3999 1060 4085 τετάρτης
1080 4004 1221 4065 λνδίιιτον.
1264 4000 1312 4059 Sic

215 4093 296 4154 enim
319 4091 526 4152 ¹demonstrant
549 4089 643 4149 Codd.
661 4089 818 4168 legendum
841 4108 919 4165 erae,
947 4109 1009 4150 non
1031 4087 1086 4162 ἔοις
1107 4079 1186 4150 darei
1208 4087 1311 4166 μηνοῖν

218 4201 242 4240 τ.
254 4199 279 4240 τ.
296 4177 317 4238 l.
332 4175 413 4254 quod
429 4185 473 4236 eat
489 4176 521 4234 in
541 4194 621 4234 cuso.
929 4223 931 4228 .
1283 4223 1286 4234 ,

303 4263 384 4342 Peg,
407 4265 476 4328 170.
499 4261 552 4326 lin.
575 4258 604 4328 4.
624 4253 700 4322 aare
729 4254 785 4340 τὴν
815 4252 1009 4342 ΙΠαμιάλιιαν
1035 4248 1243 4340 παρετάξατο]
1273 4253 1312 4314 Βε
