2788 4616
252 303 327 378 404
586 307 630 375 G
646 307 684 374 R
704 304 820 376 flssu
835 305 990 376 ΝΟΤΔΕ
1072 361 1075 366 .

144 479 176 534 P.
195 481 246 537 19)
257 465 491 554 maurulio,
511 465 611 527 sasbter
622 463 750 546 replico,
770 467 803 527 in
813 465 930 527 uniet·
945 461 1146 538 desinatur,
1157 481 1259 542 meque
1268 462 1346 543 ips·

256 555 368 619 offendi
385 568 468 618 extra
484 553 577 613 vitam
596 551 847 631 &chrysostomi
865 551 902 610 sb
923 569 1070 628 anonymo
1093 548 1236 627 scriptum
1257 547 1344 628 0pp.

255 643 334 702 vflt
347 646 420 708 136.
432 643 482 706 33.
494 632 571 722 (sion
583 641 672 718 φωνῇ
683 634 737 710 τοὶς
747 641 802 717 τῆς
814 632 958 716 &rising
968 628 1090 708 ἆκιῑνας
1101 637 1344 714 προσοφπλοῐν.

257 729 348 787 iterat
363 725 483 786 inferius
499 724 557 781 Leo
569 723 620 787 58.
639 721 671 783 C.
690 720 941 800 'Tonsioopiens
956 716 1046 777 habet
1060 719 1112 786 25.
1128 719 1165 779 Δ.
1180 713 1344 797 inrisione

259 813 309 880 49.
323 813 358 872 D.
371 807 553 892 primitivum
570 801 704 886 ἦπὶιιιιιι
719 807 771 872 51.
786 807 822 866 Β.
836 815 866 865 et
878 809 930 871 99.
946 803 982 862 Δ.
1042 821 1051 832 ’
1083 803 1096 814 ’

343 933 417 1006 Pag.
434 929 463 991 8.
483 925 538 986 liu.
553 927 602 989 16.
622 919 737 1004 χάρακα
754 919 813 1005 erpi
829 925 886 984 τοῦ
905 917 1008 996 ἄστεος
1028 915 1153 1001 ἐπήξατο
1173 921 1236 980 τοῖν
1254 921 1345 998 Κρη-

260 1017 332 1078 reio·
351 1009 405 1085 ιᾶς
415 1009 448 1073 δέ
460 1032 493 1092 γι
506 1003 647 1092 τριήρεις]
668 1008 815 1067 cedrenus
828 1007 902 1066 haec
915 1007 1018 1066 iisdem
1031 1009 1091 1066 iere
1105 1004 1201 1065 verbis
1216 1001 1254 1064 [Ι.
1267 1001 1344 1066 643.

259 1097 293 1158 Δ.
308 1096 359 1156 ubi
374 1117 446 1176 pro,
467 1089 575 1166 πάσαις
587 1100 729 1172 μηχαναῖς
744 1097 982 1173 πολιορκητικαῖς
996 1086 1178 1170 χρησάμενος
1193 1081 1344 1169 ὀργάνων,

259 1202 298 1241 ex
310 1182 390 1240 bono
405 1179 562 1240 admodum
571 1177 714 1257 Scylitzae
729 1177 831 1236 codice
843 1177 921 1235 inter
934 1175 1054 1236 Coisliu.
1069 1183 1185 1234 nostros
1199 1173 1255 1236 No.
1271 1173 1345 1237 136.

261 1286 351 1326 sensu
362 1265 433 1324 item
444 1263 611 1344 postulante
624 1283 681 1322 scr.
695 1263 927 1341 πολιορκητικῶν
939 1283 983 1344 χρ.
996 1255 1021 1324 ὅ.

344 1387 423 1464 Pag.
439 1389 471 1449 9.
495 1381 549 1439 lin·
565 1384 595 1446 1.
616 1379 649 1442 ἐκ
662 1383 724 1443 τῶν
741 1375 816 1442 sord
834 1374 965 1460 πόλεμον
981 1375 1198 1460 χαλκοιοπιῶν]
1220 1378 1343 1438 Χαλκο-

262 1470 353 1532 ronta
374 1467 454 1548 opud
473 1465 594 1524 Suidam
615 1465 666 1524 ΙΙΙ.
688 1465 758 1532 652.
780 1465 859 1524 uude
881 1464 971 1524 habet
991 1463 1194 1524 Schneiderus.
1244 1461 1344 1520 Pauca

235 1555 322 1619 Baiis
336 1551 497 1633 composita
511 1570 579 1608 cum
592 1569 664 1609 voce
675 1546 794 1628 χαλκὸς,
814 1550 846 1608 in
858 1551 966 1610 Lexica
979 1549 1111 1608 nondum
1123 1553 1250 1626 recepto,
1270 1551 1345 1602 uota

263 1639 353 1699 haece
376 1643 404 1702 1.
426 1633 642 1710 Χαλιιὲνιονον,
662 1637 801 1690 tormenti
813 1634 912 1692 bellici
923 1655 1035 1714 genus,
1056 1653 1109 1714 per
1121 1633 1225 1693 fibulas
1238 1647 1343 1688 aeneas

264 1725 323 1784 tels
344 1718 545 1802 propellentia.
586 1717 635 1776 Bis
652 1717 732 1796 apud
749 1717 901 1778 Philonem
919 1719 961 1778 lle
977 1717 1105 1778 telorum
1122 1714 1344 1776 constructione

185 1803 188 1810 ⁴
264 1809 315 1873 66.
336 1807 367 1865 C.
384 1815 414 1863 et
426 1807 477 1869 78.
498 1803 531 1861 Β.
546 1801 604 1860 Sed
619 1801 773 1880 quinquies
791 1803 876 1878 alibi,
898 1807 948 1868 67.
971 1804 1004 1864 F.
1019 1809 1070 1870 72.
1093 1804 1128 1864 A.
1145 1803 1177 1860 C.
1192 1801 1224 1860 F.
1240 1802 1291 1866 73-
1309 1799 1342 1856 C.

265 1891 365 1949 eadem
374 1887 510 1946 machino
525 1895 651 1946 vocatur
665 1881 858 1966 χαλκότοιον,
881 1907 969 1966 quarn
980 1888 1134 1947 lectionem
1149 1884 1344 1944 Schneiderus

263 1973 416 2056 praetulit.
456 1972 509 2030 Est
523 1980 622 2029 nmen
641 1967 787 2046 ἐντόνιον,
807 1973 1035 2031 instrumentum
1055 1973 1093 2031 ad
1114 1971 1272 2030 tendendae
1292 1988 1345 2026 os·

263 2059 411 2138 tapultes,
441 2055 620 2116 vocabulum
646 2057 717 2114 item
742 2057 862 2116 exulans
887 2077 905 2117 e
931 2058 1056 2117 Lexicis.
1080 2055 1165 2115 Philo
1189 2057 1233 2116 Dc
1259 2053 1343 2112 telor.

263 2151 375 2202 constr.
398 2141 449 2208 57.
469 2141 502 2200 F.
518 2142 569 2206 68.
583 2140 618 2200 Δ.
638 2145 688 2206 61.
708 2141 741 2198 B.
760 2141 840 2201 Hero
854 2141 1052 2222 Belopoeicis,
1075 2141 1143 2207 135.
1167 2139 1203 2199 Δ.
1226 2141 1295 2204 139.
1310 2140 1342 2195 Δ.

264 2227 319 2288 ubi
338 2228 460 2286 docetur
479 2245 537 2305 quo
555 2234 642 2306 pacto
663 2226 796 2286 construi
818 2225 929 2292 debent.
977 2225 1061 2285 Unde
1084 2225 1205 2285 delendi
1222 2223 1343 2284 iortusss

265 2312 359 2392 possit
372 2311 520 2390 scripttuu
534 2309 734 2389 χαλκένιονον.
777 2318 808 2377 2.
831 2307 993 2387 Χάλκινος,
1015 2311 1034 2370 i.
1053 2333 1082 2390 q.
1097 2304 1220 2390 χάλκεος
1233 2317 1263 2367 et
1275 2301 1343 2386 χᾶλ-

215 2497 218 2510 ·
265 2395 1001 2561 ἨῗιςιῖρὲἴιῗειξεανδζιῦξῗᾞέΞῐὲΐιῖριῗιθκῗλῗιοωνῖᾞ
1017 2391 1344 2558 ἷξῖλξῖνῗωῐὲέιοῖιὸὲ

265 2563 405 2622 iectivurn
425 2562 458 2620 in
474 2561 602 2620 editione
617 2564 722 2624 Rover.
744 2563 863 2645 losepbi
883 2564 981 2643 Antiq.
998 2565 1064 2623 Iud.
1081 2569 1152 2630 261.
1169 2561 1204 2623 A.
1219 2561 1345 2623 timos

265 2641 353 2730 stirp
365 2641 504 2724 χάλκινον
518 2647 792 2730 περιπεπλεγμένον.
834 2649 892 2708 Sed
905 2649 976 2711 adit.
989 2649 1181 2728 Harercamp.
1203 2645 1344 2706 emenda-

265 2730 326 2788 tius
344 2730 368 2788 Ι.
384 2730 455 2795 424.
473 2730 508 2788 D.
528 2725 614 2815 ἐλάτῃ
631 2735 756 2818 χαλκείᾳ.
798 2731 844 2792 lta
861 2728 997 2813 χάλκινος
1016 2734 1079 2794 sola
1097 2734 1204 2792 nititur
1221 2733 1251 2793 S.
1270 2729 1346 2809 Epi-

240 2812 372 2893 cphsnii
384 2813 571 2891 auctoritate,
591 2835 666 2894 quae
678 2835 717 2875 ne
728 2819 793 2898 ipss
805 2818 922 2896 quidem
932 2838 1086 2897 permagna
1097 2827 1142 2876 est
1153 2819 1184 2876 in
1196 2816 1256 2877 hoc
1266 2823 1344 2875 certe

266 2898 427 2978 opusculo,
456 2920 474 2956 a
499 2898 627 2959 librariis
654 2901 778 2962 mirilico
805 2905 975 2982 depravato.
1023 2907 1053 2968 3.
1082 2896 1343 2981 Xolscso'psrnvoc‚

266 3005 333 3042 aere
344 3005 471 3059 sonans,
494 2983 573 3062 apud
586 2984 747 3046 Palladium
760 2987 828 3048 Vita
842 2991 870 3046 S.
885 2986 1000 3046 loannis
1016 2985 1165 3066 Chryeost.
1179 2991 1250 3052 106.
1263 2987 1297 3045 Δ.
1309 2984 1344 3042 in

264 3069 332 3128 loco
352 3069 404 3128 ubi
429 3068 566 3127 laudatur
584 3068 730 3130 Abraham
751 3071 928 3151 patriarcha,
948 3072 1028 3150 quod
1046 3073 1078 3129 iu
1099 3071 1214 3131 deserto
1228 3069 1344 3129 abditus

264 3173 361 3232 neque
379 3152 519 3212 Consules
535 3152 665 3233 hospitio
681 3157 844 3236 exceperit,
866 3176 958 3235 neque
979 3157 1068 3216 duces
1082 3177 1175 3236 neque
1193 3155 1266 3215 elios
1280 3172 1344 3212 ms-

264 3237 330 3314 gnis
350 3237 513 3297 honoribus
534 3239 704 3316 iungentes,
725 3235 802 3321 παρ’
817 3235 862 3314 οἷς
883 3241 970 3304 ἵπποι
990 3244 1079 3322 sappi
1097 3235 1119 3322 ἢ
1136 3243 1251 3320 χαλινῷ
1265 3233 1344 3302 οἷκο-

268 3322 447 3400 στίλβοντες,
467 3316 490 3400 ἢ
507 3317 661 3428 oepipcpo
676 3320 920 3405 χαλκοιύμποινο,
940 3319 1101 3407 redibutione
1119 3330 1174 3405 τῆς
1189 3323 1343 3406 disspens-

265 3406 347 3474 valcc
367 3401 420 3464 το“ν
440 3398 554 3467 κτύπον
573 3407 800 3491 απερεογόμινο.
842 3411 910 3482 Quo
930 3410 997 3468 loco
1013 3403 1183 3490 σαράβοιρα,
1212 3407 1343 3468 simodo

264 3486 354 3544 lectio
373 3507 460 3563 vera,
480 3507 541 3546 non
556 3489 681 3549 braccas
696 3494 805 3554 dixeris
823 3493 1001 3572 significare,
1022 3495 1100 3554 sicut
1114 3495 1203 3571 olibi,
1224 3493 1276 3552 sed
1287 3513 1344 3572 po·

264 3569 323 3628 tius
343 3569 572 3631 instrumentum
594 3577 739 3636 musicum
746 3624 754 3653 ,
776 3578 857 3638 hsud
878 3577 1027 3654 absimile,
1049 3579 1171 3658 opinor,
1194 3577 1342 3658 cymbalis.

266 3655 325 3726 Qui
346 3655 372 3711 si
393 3664 436 3713 est
455 3675 544 3714 verus
562 3678 680 3734 sensus,
702 3663 771 3722 inde
785 3665 903 3722 videtur
920 3663 1020 3741 sequi,
1041 3663 1158 3722 saeculo
1179 3671 1264 3722 sexto
1283 3681 1344 3721 mo-

264 3738 403 3813 gistratus
413 3741 558 3799 Romanos
573 3743 712 3820 cymbalis
722 3748 889 3826 aeribusque
901 3746 1084 3826 crepantibus
1096 3747 1154 3807 iter
1162 3756 1214 3808 sut
1225 3747 1344 3806 omuino'

265 3822 471 3898 proditionem·
485 3825 518 3882 in
537 3827 692 3906 publicum
711 3831 829 3908 secisse,
852 3831 932 3911 quod
951 3849 1035 3890 nuuc
1051 3831 1087 3892 de
1106 3832 1268 3892 Turonium
1286 3851 1344 3912 po-

263 3905 413 3966 testatibus
429 3911 576 3972 scribitur.

343 4008 391 4066 sd
408 4008 481 4069 haec
500 4013 659 4090 vocabula,
688 4019 825 4094 omnino,
853 4019 975 4097 opinor,
996 4039 1093 4092 nova,
1114 4018 1222 4078 addam
1238 4021 1344 4078 formas

238 4085 392 4151 Drsriores
406 4094 464 4154 inm
479 4105 614 4157 uotorum
629 4121 738 4160 vocum
752 4103 1021 4183 explicationesque
1036 4104 1193 4182 averlgstis
1206 4104 1342 4163 diversas.

262 4173 298 4229 in
312 4195 384 4252 quas
403 4187 499 4238 tamen
515 4200 575 4238 non
589 4185 684 4243 resero
705 4207 807 4246 vocem
828 4183 993 4266 χάλκοννο,
1014 4189 1130 4266 saepius
1148 4188 1181 4245 in
1198 4186 1343 4266 glossariis

264 4255 401 4320 chemicis
422 4263 601 4343 medicisque
621 4287 691 4332 mss.
711 4271 917 4334 Bibliothecae·
939 4275 1007 4352 fleg.
1030 4281 1252 4332 occurrentem:
1280 4289 1341 4332 ΝΠ
