2788 4616
331 301 374 376 ut
392 297 548 378 tuoms
567 295 746 376 elaeon]
766 297 887 374 uma
1019 351 1021 358 .
1069 285 1140 368 401

4 497 5 542 3
53 469 254 528 momentis.
270 459 304 522 In
321 457 561 540 sitammam,
581 459 689 530 teti.
708 459 741 525 C.
758 453 1092 548 p'ome.··nniiupslr.
1108 511 1141 535 ..

4 543 6 594 T
54 543 274 634 γεγονέναιτοίς
290 551 353 608 τοῖν
366 542 619 630 ἀττστιλννομίνιον
638 543 725 611 ὕδατι
742 546 853 627 [nimir.
866 549 995 629 γεῖρας],
1018 546 1056 612 ου’
1070 569 1142 630 oop-

4 677 5 684 ι
54 638 203 717 βολικιός,
225 626 374 713 ἀνάλογον
392 637 436 717 spi
448 630 524 696 κατὰ
538 630 573 696 si
584 628 705 716 γράμμα
716 631 853 705 Μωσέως
865 626 962 716 νόμιμ’
984 639 1144 695 existimo-
1200 634 1203 642 '

55 721 131 782 bant
146 737 248 797 puras
263 719 447 796 forteresse
466 717 593 798 [manua]
609 737 710 776 eorum
729 719 785 796 qui
802 736 955 796 aquaeue
968 719 1143 798 abluissent,

4 847 5 882 3
54 823 128 866 oum
146 799 184 863 id
197 823 254 880 prr
270 803 494 880 proportionem
514 823 574 861 non
593 799 768 880 respondeat
786 803 884 860 Mesia
905 804 991 861 iuxta
1010 805 1143 864 litteram

56 890 127 968 legi.
171 887 229 945 Sed
247 885 410 946 insectatur
426 887 468 946 ibi
490 887 629 964 Origenes
649 885 841 960 Pharisaeos,
867 886 1041 946 traditiones
1055 891 1144 948 modo

4 993 5 1016 ³
26 1030 32 1044 ,
56 972 147 1032 nimie
160 970 285 1030 litterali
303 981 500 1049 exponentes:
520 980 557 1030 ut
574 971 615 1030 sit
629 991 746 1045 sensuss
768 968 895 1052 [manus]
916 971 1145 1031 arbitrabantur

4 1067 6 1122 Ξ
53 1057 271 1137 pnroasactos
284 1075 345 1112 ease
359 1075 460 1113 eorum
474 1057 529 1134 qui
540 1075 624 1135 aquo
637 1077 690 1112 eas
703 1055 883 1128 obluieaent,
905 1075 965 1114 non
980 1057 1146 1134 symbolice,

4 1151 6 1174 ¹
58 1138 115 1198 aad
130 1137 294 1198 meandum
308 1140 400 1218 legem
414 1142 584 1200 Moeai'com
596 1141 724 1198 litterali
737 1141 1028 1206 aensu'inteileotom.
1071 1144 1147 1200 Sub·

4 1275 6 1310 η
58 1223 239 1301 intelligitur
252 1233 350 1285 autem
365 1225 546 1304 praepositio
565 1218 649 1286 κατά.
690 1231 719 1291 2.
740 1219 790 1286 'Far
806 1227 862 1288 τοῦ
881 1217 1042 1308 ἀναλόγου.
1074 1228 1146 1286 Ori-

4 1311 6 1380 ὲ
59 1329 148 1388 genes
162 1307 293 1366 Humilia
305 1307 387 1369 XIX.
408 1309 441 1368 in
455 1307 620 1383 laromam,
642 1307 664 1365 l.
681 1312 750 1374 187.
764 1309 798 1366 B.
818 1303 958 1371 τοιοῦτόν
976 1334 1005 1372 τι
1017 1318 1099 1372 ποιεῖ
1113 1311 1146 1373 ἐκ

4 1393 5 1454 j
58 1397 117 1455 soei
141 1385 289 1472 ἀναλόγου
306 1391 467 1476 scorpiani
491 1384 722 1476 ίατρρῑάΘεάς.
764 1391 831 1464 Quo
850 1392 882 1450 in
904 1392 971 1452 loco
992 1393 1146 1454 Balthasar

4 1467 5 1532 Ῐ
61 1477 219 1538 Corderius
233 1477 353 1556 lapsus,
374 1477 515 1552 reddens,
537 1473 712 1535 istiusmodi
725 1475 892 1556 quidfocit
905 1490 1036 1556 respectu
1042 1483 1173 1556 patrisB

63 1582 103 1620 oc
119 1560 229 1620 medici
241 1565 342 1633 Deua,
364 1563 447 1640 quasi
464 1561 534 1640 quid
548 1562 639 1641 patris
659 1560 810 1619 cuiusdam
825 1568 913 1620 ciues
929 1563 1074 1622 medicine
1089 1585 1149 1622 nu·
1253 1573 1261 1592 ·

60 1665 129 1706 men
141 1647 239 1706 iaciat.
282 1648 406 1706 Sensus:
428 1643 605 1707 Istiusmodi
618 1644 790 1725 quidfocit
804 1647 891 1704 Deua
905 1667 940 1705 ex
952 1647 1087 1727 quodam
1101 1651 1149 1706 si-

4 1781 5 1784 ,
62 1727 237 1790 ιηίίῖίιιτίίιιε
255 1751 347 1809 quom
359 1730 451 1789 habet
466 1751 534 1790 oum
546 1741 636 1809 patre
652 1740 679 1792 et
693 1727 817 1792 medico.
859 1730 957 1808 Neque
973 1730 1055 1792 hunc
1072 1733 1149 1792 Cor-

62 1816 138 1876 derii
161 1834 291 1876 errorem
312 1815 438 1874 Huetius
461 1815 643 1876 emendavit:
675 1814 819 1873 aCarolo
841 1815 967 1877 Delarue
989 1817 1149 1878 novissima
1257 1841 1258 1845 ¹

62 1900 196 1979 Origenie
211 1898 337 1960 editJII.
352 1901 424 1968 265.
436 1901 471 1961 D.
484 1901 574 1980 paulo
588 1899 692 1960 melius
705 1918 835 1959 versum:
858 1899 948 1976 Idem,
955 1905 1149 1981 proportione

62 1997 202 2055 serrato,
231 2005 268 2042 ac
284 1995 375 2065 poter
395 1996 423 2042 et
451 1984 602 2061 medicus,
621 1987 710 2062 facit
735 1985 830 2046 Deua.
878 1985 944 2058 Qua
965 2007 1034 2046 oum
1052 1987 1148 2047 forma

62 2071 152 2130 aliam
175 2069 314 2145 similem,
338 2069 369 2145 ἐξ
388 2063 562 2153 ἀναλογίας,
583 2070 761 2147 coniungere
781 2087 953 2148 possumus,
975 2091 1062 2149 quarn
1080 2091 1149 2130 cusu

61 2153 156 2215 multi
170 2149 221 2212 alii
235 2153 441 2225 adhibuerunt,
455 2165 519 2216 tum
527 2155 713 2214 Nemesianus
722 2154 763 2212 De
779 2163 885 2212 natura
899 2152 980 2220 hom.
994 2150 1148 2224 73.Β.δνό

64 2241 195 2316 στοιχεῖα
208 2236 237 2312 ἐξ
249 2235 405 2322 ἀναλογίας
422 2239 590 2320 εἰλημμένα.
631 2242 661 2307 3.
680 2231 887 2318 nectantur,
903 2257 960 2314 per
971 2239 1149 2316 analogiam

4 2355 5 2392 3
63 2345 89 2384 s.
113 2325 354 2403 proportionem,
380 2327 554 2404 analogice:
582 2323 616 2380 in
639 2321 745 2382 summi
771 2321 828 2381 viri
850 2319 1021 2381 Schneideri
1039 2323 1150 2384 Lexico

4 2425 5 2490 i
64 2408 209 2470 omissum
221 2407 401 2486 adverbium,
424 2413 540 2488 aquas.
558 2406 699 2482 Gregorio
713 2405 845 2484 Nysseno
859 2405 994 2486 inprimis
1008 2407 1149 2485 frequen-

4 2499 5 2562 ]
28 2537 30 2542 ,
63 2501 169 2554 tatum.
214 2493 322 2552 Contra
338 2495 460 2553 Eunom
475 2494 511 2552 11.
527 2497 598 2560 211.
614 2491 645 2551 C.
659 2483 840 2572 ἀναλογικοίς
858 2488 947 2570 ημῶν
965 2485 1010 2554 δι’
1026 2486 1149 2556 ἑκάστου

4 2603 6 2656 η
63 2581 126 2640 sair
146 2574 215 2659 τιερλ
231 2579 311 2640 Θεοῦ
330 2577 494 2661 λεγομένων
507 2573 579 2659 τιρός
599 2599 666 2638 τινα
681 2568 875 2657 ἀναγομένων
894 2573 1085 2658 ἀψηλοτίραν
1099 2576 1150 2640 iv-

4 2665 5 2740 }
65 2683 164 2725 νοιαν.
206 2661 348 2721 Oratione
370 2661 510 2722 catechet·
536 2663 607 2730 420.
628 2659 662 2720 Δ.
682 2659 725 2738 De
745 2661 874 2738 perfecta
889 2659 1047 2720 Christiani
1062 2662 1151 2720 form.

4 2759 5 2808 ἢ
65 2750 142 2812 717.
165 2745 199 2805 Ι).
221 2747 264 2806 lie
280 2746 317 2806 iis
334 2747 386 2826 qui
402 2740 585 2827 praemature
606 2743 793 2824 abripiuntur
808 2748 879 2812 763·
897 2743 931 2805 Δ.
954 2745 1055 2806 Variae
1076 2765 1153 2804 con·

66 2829 245 2890 structiones
260 2824 305 2892 δι’
321 2825 497 2916 ἀναλογίας,
518 2825 569 2894 ln’
584 2824 743 2914 ἀναλογία,
764 2822 830 2891 κατ’
846 2823 1022 2910 ἀναλογίαν,
1042 2830 1152 2911 ipsius·

4 2947 5 2950 ν
67 2935 127 2994 que
146 2913 231 2974 vocis
251 2909 397 2998 ἀναλογία
415 2916 545 2976 diversas
565 2913 806 2992 significationes,
833 2911 987 2992 inquibus
1005 2914 1179 2993 interpret}

66 2998 165 3060 tendis
178 2999 288 3058 eruditi
307 3000 472 3080 complures
489 3000 690 3073 offenderunt,
713 3005 744 3057 ut
757 2997 814 3056 iam
833 3016 850 3053 a
865 2995 1014 3076 Stephano
1029 2998 1061 3054 in
1074 2997 1154 3057 ‘the-

4 3129 6 3140 ,
68 3103 157 3144 sauro
174 3085 327 3144 commode
342 3086 509 3167 expositas,
528 3083 594 3164 hic,
617 3103 655 3144 ne
670 3083 776 3162 longus
790 3079 875 3165 fiam,
897 3100 960 3143 non
975 3082 1126 3158 attingam.

152 3201 233 3282 Pog.
260 3202 289 3268 6.
316 3204 370 3262 lin.
389 3203 419 3270 6.
440 3201 545 3284 τιατρλς
572 3199 604 3266 ii
629 3224 680 3282 μοι
709 3193 825 3277 noeti,
853 3197 963 3281 χωρίον
982 3201 1038 3280 τῆς
1054 3191 1154 3272 Ἀσίας

4 3321 12 3350 ,-.
70 3282 105 3350 si
119 3281 285 3365 κάλλιστον]
306 3286 383 3346 Haec
400 3289 458 3346 iam
472 3287 504 3346 in
515 3286 635 3347 Notitiis
650 3286 717 3346 Μιο.
733 3283 812 3346 VIII.
827 3285 897 3348 258.
910 3283 1011 3342 monui
1025 3301 1063 3342 ex
1076 3283 1157 3362 Aga-

4 3415 5 3426 2
70 3369 135 3432 thia
156 3391 233 3447 essa,
255 3371 285 3438 5.
303 3371 334 3431 C.
358 3374 398 3432 Da
420 3372 558 3432 Celbiano
572 3377 672 3431 tractu
690 3367 855 3446 Ducangius
876 3367 913 3427 ad
928 3367 1061 3428 Alexiad'.
1081 3368 1155 3435 407.

4 3459 5 3498 ί
72 3467 104 3516 et
122 3455 160 3514 ud
180 3457 280 3517 loann.
306 3458 496 3532 Cinnamum,
523 3458 595 3524 437.
619 3451 783 3514 (bibianum
802 3451 914 3512 Plinius
935 3461 1022 3513 vooat
1041 3452 1156 3517 Hister.

4 3555 5 3604 t
71 3539 141 3600 Nat.
154 3539 192 3600 V.
210 3546 260 3606 29.
274 3547 304 3598 et
320 3542 459 3601 XXXIII.
477 3546 507 3609 7.
528 3537 564 3601 ln
583 3539 702 3601 nomine
717 3537 834 3617 Caystri
846 3536 922 3596 nihil
940 3537 1067 3598 mutavi:
1089 3535 1156 3596 Ηο-

4 3651 5 3686 ι
72 3641 181 3699 merus,
202 3623 288 3685 iliad.
303 3627 422 3692 Betot·
438 3625 608 3704 Καϋστρίου
623 3617 702 3704 ἀμφί
718 3621 837 3706 ῥέεθρα.
859 3619 1023 3682 Herodotus
1034 3621 1158 3702 Terpsi-

4 3753 5 3806 ρ
74 3707 180 3786 obora,
204 3713 273 3776 100.
288 3709 469 3790 Hesychius,
490 3709 528 3788 11,
543 3713 613 3778 211.
636 3707 726 3790 Apud
739 3707 868 3786 reliquos
881 3716 925 3766 est
939 3707 1094 3785 Caystrus,
1114 3705 1155 3765 ita

4 3807 6 3898 y
73 3801 189 3868 umen,
211 3802 246 3852 ut
260 3795 371 3874 partim
387 3789 560 3877 Κάὕστρος,
579 3793 688 3876 partim
702 3785 856 3874 Καΰστρος
870 3790 1011 3852 scribant.

159 3907 238 3972 ltro.
255 3911 308 3972 lira.
325 3919 373 3982 10.
397 3907 651 3997 ίτίονθιήγησιν]
667 3906 806 3990 Agatbias
821 3914 852 3980 6.
865 3907 904 3974 Δ.

160 4026 239 4088 ibid.
257 4029 321 4090 enci.
336 4031 391 4089 lin.
399 4029 466 4112 saepi
474 4031 611 4093 πλείστου
618 4025 651 4093 τὸ
661 4023 814 4108 ἀληθίζειν
821 4025 1011 4110 ποιουμένοις
1019 4023 1060 4102 ἀς
1076 4019 1158 4104 paitr-
1228 4033 1234 4044 “

4 4161 6 4194 ,
76 4111 153 4197 στα]
174 4113 314 4192 Agathias
328 4121 358 4181 7.
380 4115 414 4177 Β.
438 4113 503 4196 ίμοί
518 4111 550 4176 ii
562 4111 595 4177 τὸ
608 4107 805 4194 ἀληθίζεσθαι
821 4112 889 4195 περί
906 4115 1042 4176 πλείστου
1061 4108 1161 4180 ἑκτέον

74 4221 105 4262 ιι.
118 4221 144 4262 τ.
160 4205 187 4262 l..
209 4200 291 4274 Quae
314 4199 468 4277 subiungit
487 4200 564 4276 Leo,
588 4200 731 4282 ῥητορικῇ
745 4195 800 4278 μὲν
819 4193 981 4280 προσήκειν
998 4190 1160 4274 δεινότητα,

4 4355 6 4400 ρ
75 4287 221 4370 ποιητικῇ
238 4281 271 4346 δὲ
285 4285 473 4366 μυθοποιίαν
490 4306 518 4348 τι.
533 4307 558 4346 τ.
572 4287 598 4347 ί.
612 4283 716 4344 sumsit
733 4303 771 4344 ex
786 4281 990 4432 Ρεοοορίἒὲίο
1002 4280 1070 4340 bell.
1084 4279 1187 4344 Per-lt

146 4387 201 4440 neo
217 4385 352 4441 Danaae.
1081 4427 1087 4446 ,
