2780 4658
242 261 324 310 xm
644 253 681 318 C.
700 253 738 320 Β.
759 251 874 322 tttsll
930 250 937 266 '

245 413 332 493 μίων.
374 407 447 472 unt
470 407 614 490 Hsplsosi
627 405 780 474 διδάσκειν
796 409 847 476 τᾶν
863 411 986 496 orqosiv
999 413 1175 490 soliditas
1198 413 1241 479 irs
1256 415 1347 501 ΙνηῙ
1383 445 1384 480 1

228 591 229 598 ἵ
246 515 308 597 ἰδίᾳ
321 508 408 589 ὄντα,
429 507 505 574 nurci
518 505 604 586 νᾶξνν
618 505 800 594 oluiqsssistv
815 514 865 578 nul
883 515 1066 600 ὁδοιπορεῖν.
1096 517 1171 580 LlV.
1194 517 1272 601 Περὶ
1283 521 1346 582 τοῦ

243 607 486 682 ν’παλλάηεσθαι
498 609 553 688 τὰς
568 608 742 688 ἐπιτελούσας
756 610 855 694 τάξεις
868 616 925 699 τήν
941 625 994 684 νοῦ
1008 616 1086 684 σάκον
1099 621 1265 696 διακονίαν,
1287 616 1345 683 disi

242 712 296 780 τόν
320 711 417 778 πολύν
434 709 603 779 ninovensi
621 712 764 797 ἄρχοντος
785 721 825 793 *).
866 719 926 781 LV.
951 723 1030 804 Περὶ
1050 727 1112 786 sois
1131 719 1345 802 dnonsspivov

244 819 405 896 tosticus,
426 811 473 882 iss
491 815 547 899 χρή
567 815 625 902 πρὸ
647 817 791 899 ἡμετέρας
812 814 923 902 ταύτης
944 822 1150 907 λελογισμένοις
1174 824 1210 904 [l.
1226 822 1346 906 ἡμέρας

241 917 351 994 ταύτας
361 918 593 1002 λελογισμένως]
612 925 729 984 τνποῦν
743 921 796 984 ναὶ
809 923 1013 993 διατίθεσθαι.
1055 927 1113 1003 Es,
1131 925 1262 1004 iuquam,
1286 947 1346 984 oa-

241 1022 322 1104 pita,
345 1023 564 1102 qualiacunque
585 1033 670 1102 sunt,
693 1033 723 1084 et
742 1024 886 1106 descripsi
903 1027 1080 1108 iampridem
1096 1039 1126 1088 et
1140 1030 1244 1090 Latine
1262 1023 1345 1088 oon-

240 1125 334 1204 verti,
356 1136 393 1187 ut
412 1126 445 1188 in
465 1125 657 1204 subsequenti
676 1125 776 1206 aliquo
796 1128 951 1188 volumine
971 1131 1057 1190 facile
1078 1131 1198 1208 vulgari
1216 1137 1343 1210 queant,

240 1228 266 1288 si
278 1228 368 1288 modo
383 1229 462 1289 tanti
476 1229 618 1293 videntur
632 1229 768 1290 cruditis.
811 1230 949 1304 Quorum
962 1232 1107 1296 iudicium
1117 1231 1175 1294 hac
1190 1232 1227 1294 de
1237 1252 1271 1294 ra
1282 1251 1345 1295 sx-

242 1331 347 1411 quiro,
369 1351 469 1392 meum
484 1331 602 1392 nullum
617 1331 822 1412 interponens.
1050 1330 1054 1339 '

123 1491 154 1546 P.
170 1495 227 1548 XVI
327 1485 394 1546 XII.
415 1485 478 1545 Iam
494 1483 576 1565 quod
593 1485 631 1544 ad
644 1484 920 1566 interpretationem
939 1484 1074 1545 Lstinam
1094 1485 1244 1546 Historiae
1260 1483 1345 1545 Leo-

242 1587 289 1650 nis
306 1588 432 1666 attinet,
452 1588 535 1648 locos
547 1587 695 1648 versionis
711 1589 960 1665 combefisianae,
981 1588 1014 1648 in
1031 1587 1148 1648 Criticis
1163 1585 1234 1665 Pagi
1252 1584 1345 1669 (vide
1379 1587 1380 1590 ’

241 1711 332 1771 supra
347 1711 412 1770 pag.
429 1689 466 1757 V.
479 1687 527 1772 D.)
550 1699 692 1766 servatos,
713 1691 773 1750 nisi
785 1689 837 1750 ubi
849 1691 1005 1750 manifesto
1021 1691 1124 1771 lapsus
1141 1699 1220 1760 erat,
1234 1688 1345 1748 iisdem

240 1793 458 1874 propemodum
478 1793 577 1852 verbis
596 1792 627 1851 in
641 1793 800 1852 editionem
819 1815 912 1852 meam
926 1791 1027 1850 retuli.
1069 1791 1160 1850 Cuius
1172 1791 1216 1850 rei
1230 1811 1344 1850 nnum-

241 1916 390 1976 quemque
409 1896 592 1955 admonitum
613 1915 675 1956 csse
698 1897 803 1956 velim:
825 1917 877 1973 ne,
904 1894 930 1954 si
958 1913 1047 1974 quem
1070 1893 1102 1952 in
1127 1891 1263 1954 versione
1286 1897 1349 1952 aut

239 1997 310 2078 styli
333 1997 550 2074 inconstantia,
572 2006 623 2056 aut
643 1997 797 2078 quippiam
818 1999 945 2057 fortasse
968 2017 1031 2055 non
1055 1995 1125 2061 satis
1151 2015 1225 2075 pure
1247 2004 1343 2074 atque

239 2100 393 2160 emendate
410 2100 522 2160 dictum
541 2097 717 2178 offenderit,
740 2101 884 2160 continuo
902 2099 935 2157 id
947 2098 981 2156 in
992 2095 1254 2178 reprehensionem
1265 2117 1342 2158 ver-

239 2202 365 2263 tendum
380 2212 477 2283 putet·
519 2201 594 2259 Nam
616 2210 679 2259 erat
704 2200 896 2260 Combefisius
919 2199 1010 2259 homo
1034 2201 1101 2278 pius
1123 2199 1244 2278 quidem
1262 2199 1343 2259 etin

238 2303 327 2364 rebus
351 2303 441 2363 sacris
465 2301 655 2380 singulariter
676 2301 800 2378 doctus,
826 2302 877 2360 sad
895 2303 948 2382 qui
965 2322 1119 2380 nunquam
1138 2302 1174 2359 ab
1195 2301 1342 2361 orationis

239 2405 398 2486 asperitate
413 2405 618 2482 moestitiaque
635 2405 734 2464 obesse
751 2405 858 2483 potuit.
902 2405 993 2463 Nobis
1008 2423 1124 2482 quoque
1140 2401 1173 2461 in
1194 2403 1341 2462 universo

239 2506 392 2566 volumine
406 2505 525 2583 linguae
544 2515 632 2584 atque
649 2505 828 2564 elocutionis
846 2525 918 2565 cura
933 2504 1062 2587 (vereor)
1087 2525 1149 2564 non
1162 2513 1248 2563 tanta
1267 2503 1340 2583 fuit,

238 2615 350 2686 quanta
365 2625 428 2664 esse
450 2612 586 2686 poterat,
608 2609 732 2666 sortasse
753 2592 992 2670 etism'debebat.
1036 2605 1094 2666 Sed
1116 2605 1234 2666 veniam
1255 2611 1340 2665 cius-

237 2707 319 2768 modi
340 2708 458 2767 facilius
480 2708 545 2768 dari
560 2729 647 2789 posse
663 2709 801 2770 existimo
824 2710 1006 2789 Byzantinae
1028 2707 1173 2769 historiae
1185 2707 1338 2785 studiosis,

238 2809 421 2890 omninoque
433 2809 470 2869 iis
489 2811 538 2890 qui
553 2811 587 2870 in
602 2811 798 2891 scriptoribus
814 2813 905 2871 medii
921 2811 1003 2889 aevi,
1025 2811 1124 2870 nascio
1139 2811 1212 2890 quid
1227 2809 1338 2870 barbu-

237 2931 306 2973 rum
328 2921 358 2971 et
377 2913 593 2971 inconcinnum
619 2913 811 2992 sonantibus,
842 2915 1051 2993 cogitationem
1076 2913 1185 2994 perdiu
1204 2923 1338 2994 ponunt.

237 3016 401 3092 Praeterea,
414 3015 561 3073 bonorum
575 3013 757 3095 scriptorum
770 3017 940 3098 exemplum
955 3025 1145 3092 consecutus,
1154 3016 1203 3076 vel
1216 3015 1249 3076 in
1263 3037 1339 3077 rer-

237 3113 281 3178 bis
305 3117 343 3176 ad
366 3118 523 3197 religiones
548 3115 814 3198 persuasionesque
840 3118 1076 3199 pertinentibus,
1109 3117 1161 3176 ubi
1188 3117 1338 3177 difficilli-

236 3240 317 3278 mum
339 3217 416 3296 erat,
449 3219 542 3280 malui
560 3220 711 3280 interdum
736 3223 850 3300 aliquid
870 3221 977 3280 audere
997 3220 1113 3300 potius,
1144 3239 1232 3298 quarn
1252 3219 1338 3278 Lati-

236 3343 306 3381 nam
323 3323 486 3383 orationem
503 3325 606 3383 multis
623 3323 743 3381 Graecis
756 3323 910 3382 vocabulis
926 3323 1093 3400 inquinare.
1139 3323 1274 3380 Nomina
1287 3343 1337 3381 re-

237 3444 308 3482 rum
325 3426 444 3482 Graeca
460 3449 539 3506 quae
553 3430 753 3485 convertimus
771 3424 819 3506 (ut
835 3423 989 3484 Cornificii
1003 3423 1101 3482 verbis
1118 3431 1203 3502 utar,
1226 3433 1335 3502 quarto

235 3525 481 3610 Rhetoricorum)
492 3577 500 3606 ‚
519 3553 554 3588 eo
567 3541 681 3588 remota
703 3537 775 3584 sunt
798 3547 818 3584 a
833 3524 1064 3586 consuetudine:
1088 3547 1166 3606 quae
1186 3528 1264 3584 enim
1285 3549 1336 3584 res

237 3626 324 3706 apud
338 3640 457 3687 nostros
470 3653 531 3690 non
545 3641 631 3690 erant
639 3679 647 3708 ,
670 3651 775 3688 earum
789 3650 889 3686 rerum
904 3632 1029 3687 nomina
1047 3650 1107 3685 non
1114 3637 1258 3706 poterant
1273 3651 1335 3686 esce

238 3734 366 3790 usitato.
419 3733 640 3812 Designationes
671 3733 867 3812 dignitatum,
904 3727 1094 3805 Patriarcha‚
1134 3730 1333 3807 Domesticos,

236 3833 440 3911 Drungarius,
463 3837 580 3914 aliaque
595 3836 628 3895 id
640 3857 746 3912 genus,
767 3833 934 3894 necessario
949 3829 1076 3906 retinui,
1097 3830 1213 3890 tametsi
1229 3849 1267 3888 ex
1281 3833 1335 3889 ni-

237 3934 384 3995 tidissimo
400 3937 569 3996 Latinitatis
592 3939 675 3998 sonte
697 3937 927 4015 haudquaquam
943 3932 1154 4014 profluxerint.
1206 3931 1286 4005 Quas
1307 3933 1336 3992 si

273 4121 303 4191 *J
326 4121 372 4174 Sic
389 4121 493 4174 codexe
517 4119 563 4174 sod
585 4121 652 4174 lecto
678 4119 763 4190 capite
787 4121 870 4174 malim
887 4111 1047 4170 sorunculi
1063 4117 1162 4171 mutere
1178 4115 1230 4171 sio:
1246 4112 1334 4172 -aso'·

307 4209 378 4260 πον,
395 4192 448 4246 soti
464 4185 615 4260 ἄρχοντος,
631 4191 659 4245 ai
673 4189 811 4260 δυνατόν,
829 4189 962 4260 μένοντος
978 4182 1077 4246 αὐτοῦ.
