2786 4620
253 293 328 363 362
551 295 811 363 LUITPRANDI
832 293 1027 360 LEGATIO

253 461 324 520 dum
343 457 375 516 in
395 457 494 533 fugam
515 461 680 530 vorterent,
702 453 765 512 eius
784 453 885 533 copias
906 451 1043 511 omnibus
1065 449 1160 510 modia
1182 449 1339 510 contrive-

251 569 331 622 runt.
373 558 427 618 Est
442 565 471 616 et
490 555 586 630 aliud,
608 555 688 634 quod
701 575 783 614 nuuc
801 553 1000 634 Nicephorum
1018 553 1165 632 compulit
1185 552 1286 632 copias
1304 553 1339 611 in

252 661 391 742 Assyrios
406 659 528 718 ducere:
550 654 697 734 Argorum
713 658 792 716 enim
812 676 926 715 omnem
943 655 1107 734 regionem,
1128 657 1243 716 instans
1257 665 1337 714 tom-

250 787 324 848 pus,
347 765 407 823 Deo
425 762 561 834 iubente,
583 777 617 818 eo
636 777 731 838 usque
745 760 836 819 fumos
855 759 987 834 attrivit,
1008 766 1042 815 ut
1056 777 1151 836 neque
1168 756 1263 818 tritici
1275 757 1338 816 duo

250 867 407 948 Papienses
420 860 541 922 sextarii
553 880 640 920 aureo
657 871 884 942 comparentur,
905 859 1022 940 hocque
1042 860 1092 918 ubi
1110 860 1227 919 ubertas
1248 861 1338 939 qussi

251 977 360 1047 regnat.
404 966 489 1026 Hanc
508 972 635 1043 pestem,
656 963 789 1022 muribus
804 963 1044 1043 cooperantibus,
1065 962 1107 1022 ita
1125 961 1278 1040 dilatavit,
1300 971 1339 1020 ut

250 1066 403 1128 messionis
418 1076 567 1146 tempore,
590 1063 736 1144 quidquid
751 1063 860 1142 ubique
874 1073 1020 1124 terrarum
1036 1083 1166 1124 annonae
1180 1073 1254 1140 erat,
1276 1063 1338 1120 mi-

251 1169 332 1230 nimo
351 1167 420 1226 dato
434 1167 547 1246 pretio,
568 1167 783 1248 possessoribus
795 1167 986 1244 eiulantibus,
1010 1166 1201 1244 congregarit.
1245 1165 1338 1238 Quod

251 1292 321 1331 cum
334 1270 419 1329 iuxta
434 1257 673 1349 Mesopotamiam
692 1270 801 1328 faceret
809 1313 818 1344 ,
842 1267 890 1326 ubi
904 1270 1020 1346 frugum
1034 1268 1118 1348 copia
1131 1267 1268 1326 muribus
1281 1267 1336 1324 ab·

251 1371 385 1432 sentibus
401 1381 550 1447 creverat,
573 1390 677 1431 arenae
698 1370 787 1429 maris
808 1369 991 1428 multitudini
1013 1389 1145 1429 annonae
1159 1368 1335 1428 multitudi-

224 1479 322 1534 Dnem
339 1473 518 1554 coaequavit.
560 1472 654 1551 Igitur
671 1493 739 1532 cum
756 1471 812 1530 vili
830 1472 889 1532 hoc
898 1473 1079 1532 commercio
1097 1471 1225 1552 turpiter
1244 1472 1336 1529 fames

251 1579 302 1639 ubi
319 1577 496 1648 desaeviret,
519 1573 667 1651 octoginta
688 1574 781 1633 millia
803 1575 991 1649 mortalium,
1012 1575 1134 1633 obtentu
1151 1573 1272 1632 militiae
1285 1593 1334 1631 se·

250 1701 319 1739 cum
341 1675 545 1757 congregavit,
573 1676 680 1754 quibus
705 1695 759 1754 per
786 1676 959 1734 continuum
992 1695 1136 1750 mensem,
1166 1675 1248 1753 quod
1271 1695 1333 1734 nno

251 1792 360 1841 emerat
374 1800 461 1840 aureo
470 1824 478 1854 ,
501 1778 613 1838 dnobus
628 1777 772 1838 vendidit.
803 1777 866 1837 llas
880 1787 959 1851 sunt,
982 1776 1100 1836 domine
1116 1778 1166 1854 mi,
1187 1797 1244 1854 res,
1259 1797 1333 1856 quae

247 1883 448 1963 Nicephorum
472 1881 570 1960 copias
592 1881 624 1938 in
640 1879 776 1960 Assyrios
791 1901 873 1939 nnnc
892 1881 999 1939 ducere
1016 1880 1233 1959 compulerunt.
1276 1881 1331 1939 Sed

250 1986 366 2065 quales,
390 2003 515 2064 quaeso,
538 1982 661 2062 copias?
682 1983 772 2058 Vere,
793 1983 929 2061 inquam,
950 2001 1012 2040 non
1031 1981 1182 2060 homines,
1205 1983 1257 2042 sed
1279 1983 1329 2042 bo.

249 2085 377 2144 minibus
392 2085 515 2144 similes:
537 2083 642 2163 quibua
661 2083 761 2162 lingua
779 2093 893 2144 tentum
908 2103 1038 2164 procax,
1060 2085 1112 2144 sed
1129 2063 1238 2164 frigida
1254 2085 1331 2144 bello

252 2187 382 2246 dextero.
424 2187 491 2246 Non
510 2183 630 2264 inspicit
649 2185 681 2243 in
695 2185 742 2245 bis
761 2185 946 2267 Nicephorus
962 2185 1146 2264 qualitatem,
1169 2187 1220 2246 sed
1241 2188 1329 2246 solam

250 2289 459 2368 quantitatema
480 2287 560 2367 quod
577 2305 664 2366 quam
680 2288 879 2367 periculosum
898 2287 1011 2359 illisit,
1037 2297 1099 2346 tum
1116 2309 1180 2347 sero
1196 2290 1330 2370 poenite·

221 2389 296 2448 ubit
313 2409 395 2467 eum,
418 2411 487 2449 oum
506 2391 637 2448 imbelles
657 2391 798 2469 plurimi,
819 2390 1009 2449 multitudine
1026 2390 1162 2466 animati,
1184 2413 1202 2448 a
1223 2392 1330 2451 nostris

247 2492 405 2572 perpaucis
419 2492 495 2550 bella
516 2492 694 2568 scientibus,
716 2492 806 2550 immo
825 2491 990 2550 sitientibus
1015 2501 1214 2552 conterentur.
1256 2495 1329 2552 Cum

248 2592 417 2651 obsideritis
435 2595 555 2670 Bareas,
581 2593 705 2654 trecenti
725 2593 929 2652 tantummodo
946 2593 1056 2671 Ungari
1075 2595 1159 2654 iuxta
1175 2593 1330 2654 Thessalo-

247 2693 343 2752 nicam
358 2694 532 2773 quingeutos
547 2697 673 2754 Graecos
690 2693 985 2774 comprehenderunt,
1012 2705 1042 2754 ct
1058 2695 1090 2754 in
1103 2698 1263 2775 Ungeriam
1277 2697 1328 2758 du-

246 2805 365 2855 xerunt.
409 2797 568 2874 Quaeres,
591 2797 658 2876 quia
676 2817 817 2877 prospere
839 2790 993 2871 successit,
1021 2799 1165 2878 compulit
1189 2797 1327 2857 ducentos

247 2897 444 2978 Ungariorum
462 2899 542 2958 haud
562 2899 650 2976 longe
670 2897 927 2978 Constantinopoli
945 2900 977 2958 in
1000 2899 1173 2960 Macedonia
1192 2899 1328 2959 similiter

248 3001 358 3062 facere:
380 3023 418 3061 cx
444 3004 565 3081 quibus,
591 3021 658 3060 cum
682 3000 801 3058 incaute
823 3020 877 3080 per
898 3012 1051 3080 angustam
1079 3003 1213 3061 redirent
1240 3004 1328 3078 viam,

218 3181 221 3186 1
248 3105 440 3184 quadraginta
460 3113 529 3163 sunt
550 3104 644 3184 capti,
667 3121 742 3182 quoa
755 3121 836 3160 nuno
856 3101 1040 3182 Nicephorus
1053 3105 1089 3163 de
1104 3104 1239 3163 custodia
1257 3105 1328 3164 odn-

248 3213 328 3282 otos,
353 3206 633 3287 pretiosissimisque
654 3205 782 3264 vestibus
810 3215 949 3281 ornatos,
978 3215 1121 3286 patronos
1142 3205 1198 3264 sibi
1220 3215 1250 3264 et
1273 3207 1328 3265 de-

138 3319 168 3370 Ρ,
186 3317 238 3373 436
253 3307 381 3367 fonsores
398 3309 532 3388 paravit,
553 3329 652 3369 secum
671 3307 705 3366 in
727 3307 862 3386 Assyrios
885 3307 1004 3366 ducens.
1046 3309 1155 3367 Verum
1178 3307 1272 3385 qualis
1293 3309 1328 3365 sit

142 3387 199 3442 ⁰⁰¹·
217 3391 230 3441 ¹
249 3407 311 3465 eius
338 3412 497 3487 exercitus,
518 3411 590 3470 hinc
617 3409 741 3490 potestis
766 3407 926 3482 conficere,
956 3408 1094 3485 quoniam
1124 3407 1177 3488 qui
1209 3411 1327 3468 caeteris

247 3516 414 3588 praestant,
442 3511 573 3570 Venetici
599 3521 669 3570 sunt
698 3520 727 3570 et
746 3507 955 3589 Amalpbitani.
1005 3511 1103 3586 Nunc,
1131 3511 1178 3570 his
1206 3512 1326 3587 omissis,

247 3609 320 3689 quid
336 3609 408 3668 mihi
420 3611 561 3670 acciderit
573 3611 807 3672 animadvertite.
851 3615 940 3670 Sexto
956 3610 1078 3669 Kalend.
1102 3613 1229 3692 Augusti
1244 3625 1326 3674 extra

246 3711 530 3791 Constantinopolim
544 3713 575 3771 in
591 3713 712 3772 Umbria
729 3713 927 3794 aNicephoio
941 3713 1091 3772 licentiam
1108 3716 1208 3795 accepi
1225 3717 1262 3775 ad
1276 3737 1325 3774 voa

246 3815 404 3878 redeundi:
430 3833 555 3893 cumque
569 3815 858 3894 Constantinopolim
872 3816 1012 3890 venirem,
1029 3815 1262 3898 Christopboras
1274 3819 1326 3877 Pa-

246 3917 349 3978 tn'cius
365 3915 543 3993 Eunuchus,
566 3915 618 3994 qui
632 3915 792 3996 Nicephori
804 3918 898 3978 vicem
918 3917 1021 3976 eodem
1039 3918 1129 3996 gerit,
1152 3917 1228 3978 mihi
1243 3939 1324 3978 man·

245 4019 346 4094 derit,
368 4037 428 4076 non
441 4035 527 4099 posse
541 4035 588 4074 me
600 4025 672 4076 tunc
686 4017 839 4094 recedere,
861 4019 930 4098 quio
946 4020 1083 4078 Saraceni
1103 4029 1174 4078 tunc
1196 4041 1326 4100 occupa-

246 4129 355 4180 verunt
367 4140 462 4196 maro,
484 4130 514 4180 et
526 4121 647 4200 Ungorii
660 4131 789 4184 terram:
811 4122 1027 4201 expectandum
1042 4120 1115 4180 mihi
1135 4141 1212 4198 esse,
1235 4122 1326 4180 donec

246 4219 304 4300 ipsi
327 4221 523 4284 discederent:
551 4224 602 4286 sed
624 4233 801 4306 utrumque,
821 4223 899 4306 proh
927 4224 1030 4301 dolor,
1055 4224 1111 4283 snit
1130 4223 1325 4284 mendacium.
