2780 4658
498 259 752 332 suessano.
1088 277 1168 326 mx
1209 235 1241 279 ’·
1287 209 1289 214 ’
1334 331 1339 342 ,

42 440 101 482 rum
114 419 278 482 urionem
294 417 425 481 habers
439 419 625 502 potuissem,
646 421 772 482 temesae
784 418 872 482 ctiam
890 419 1065 485 debuissem.
1107 423 1170 486 Ve-

43 545 102 585 ιιιιιι
115 543 170 602 ego
187 524 236 584 sic
254 523 380 584 iudico
401 522 516 606 (dicam
535 524 615 583 enim
632 544 694 583 non
711 543 849 586 reverens
861 525 895 584 in
912 545 945 586 rs
962 526 1086 587 obscura
1100 529 1170 607 glo-

43 625 132 686 riandi
150 623 415 706 suspicionem):
439 626 524 706 quod
543 625 578 684 in
600 643 716 704 qnoque
730 626 901 707 plurimum,
914 637 973 704 est,
994 627 1053 689 hoc
1068 628 1169 710 ipsum

46 727 282 809 ispotissimum
306 729 462 788 conferre
482 728 572 787 debet
590 729 628 788 ad
649 728 860 808 locupletanda
883 731 1049 790 communia
1069 732 1169 792 studia

49 839 152 890 nubs.
197 830 269 890 Iam
287 850 373 890 vero
393 839 468 912 post
485 829 681 910 complurium
698 851 844 892 annorum
861 833 1012 894 assiduum
1027 834 1167 911 laborem,

50 951 103 1012 quo
116 932 304 1012 Catalogurn
325 932 431 993 Codd.
450 933 633 992 Graecorum
657 933 690 992 in
703 933 915 994 Bibliothecam
935 936 1094 996 maximam
1109 938 1168 996 Pa·-

51 1033 207 1094 risiensem
218 1055 334 1094 recens
350 1035 513 1094 illatorum
527 1035 567 1094 ad
589 1035 678 1096 finem
692 1034 907 1116 perduxeram,
927 1047 996 1117 post
1011 1039 1169 1118 pueritiam

55 1146 88 1196 et
101 1137 229 1216 primam
252 1137 502 1197 adolescentiam
522 1137 557 1196 in
569 1136 627 1197 boc
645 1137 811 1198 studiorum
827 1158 933 1216 genere
951 1139 1096 1220 positam,
1117 1161 1168 1200 ne-

61 1239 169 1298 minem
182 1259 243 1298 esse
261 1240 457 1320 scriptorem
471 1239 564 1320 paulo
580 1239 774 1300 illustriorem
790 1240 935 1318 arbitror,
956 1261 1050 1320 neque
1062 1242 1167 1322 prolu-

62 1360 130 1399 ιιιιιιι
142 1360 241 1420 neque
256 1360 406 1416 sacrum,
430 1340 485 1420 qui
498 1361 514 1399 s
527 1342 711 1422 temporibus
725 1341 938 1404 Theodosiauis
953 1363 1045 1423 usque
1057 1343 1094 1402 sd
1105 1345 1167 1405 rui-

61 1462 126 1502 nam
138 1443 264 1524 imperii
280 1442 454 1503 orientalis
466 1442 579 1502 Graece
592 1443 755 1524 scripserit,
772 1465 859 1524 quem
872 1465 934 1504 non
947 1443 990 1504 ita
1003 1447 1166 1525 tracterim,

61 1553 95 1604 nt
105 1565 167 1604 non
181 1546 288 1626 aliqua
301 1545 372 1604 eius
383 1565 456 1626 para
470 1544 504 1604 in
517 1545 657 1606 memoria
670 1567 735 1606 mea
748 1549 867 1628 penitus
879 1547 1030 1610 insideret.
1073 1547 1165 1608 Scho-

62 1647 117 1722 lia,
140 1633 282 1726 catenas,
303 1645 526 1728 paraphrases,
548 1649 772 1727 commentaria,
794 1650 903 1731 partim
916 1649 1015 1710 minus
1026 1648 1085 1728 legi
1097 1649 1167 1708 soli·

65 1760 107 1828 ta,
127 1750 243 1831 partim
256 1749 390 1810 omniuo
405 1748 542 1809 nondum
558 1750 652 1827 edita,
673 1751 739 1812 fieri
755 1773 818 1814 non
836 1753 936 1835 potuit
952 1750 1025 1830 quin
1040 1750 1081 1810 ita
1094 1769 1166 1831 per-

67 1862 237 1930 tractarem,
259 1862 299 1912 ut
321 1871 431 1912 eorum
441 1849 574 1931 aliquam
593 1863 673 1914 certe
689 1855 842 1916 notionem
862 1873 1006 1938 caperem.
1050 1851 1167 1926 Quam-

68 1955 179 2032 obrem,
199 1957 227 2014 si
241 1954 361 2037 passim
376 1974 415 2014 ex
429 1952 580 2030 Patribus,
603 1954 785 2043 scholiastis,
805 1957 992 2033 rhetoribus,
1013 1955 1167 2016 illustrare

70 2059 253 2139 quaestiones
267 2057 411 2138 aliquot,
431 2055 695 2138 afferrephrases,
716 2059 900 2142 locupletare
914 2057 1040 2134 Lexica,
1061 2065 1167 2120 notare

76 2180 191 2222 mores
210 2161 358 2240 quosdam
374 2159 527 2240 superiora
545 2157 688 2218 memoria
710 2161 880 2224 commissos
904 2163 986 2245 (nam
1007 2160 1043 2220 ab
1064 2178 1168 2238 aequa-

75 2263 149 2324 lium
170 2283 309 2339 censura,
339 2282 417 2342 quae
433 2282 499 2322 mea
517 2268 625 2320 natura
648 2269 708 2336 est,
737 2263 858 2322 omnino
881 2258 1021 2341 abstinui)
1044 2269 1169 2328 conatus

73 2385 145 2443 snm,
165 2386 230 2426 non
242 2365 315 2424 ideo
330 2364 365 2425 id
377 2363 445 2441 feci,
467 2363 548 2443 quod
560 2361 615 2423 hos
628 2364 810 2424 recentiores
825 2364 988 2444 scriptores
1001 2360 1168 2422 ullomodo

75 2469 291 2551 comparandos
306 2486 371 2526 esse
384 2487 451 2526 curn
465 2465 679 2545 antiquioribus
694 2466 926 2548 capitalibusque
938 2464 998 2525 illis
1014 2453 1167 2541 discebam,

74 2591 145 2652 quos
160 2593 252 2632 nno
266 2569 379 2650 opinor
390 2578 436 2628 est
449 2567 523 2649 quin
538 2570 642 2630 crabro
652 2581 804 2649 regustare
820 2570 936 2650 cupiat,
958 2565 992 2625 in
1005 2566 1167 2647 iisqucac-

73 2675 220 2755 qmescst3
241 2691 341 2751 neque
354 2670 435 2749 quod
448 2691 546 2732 meum
558 2673 727 2735 studiorum
740 2693 831 2752 genus
841 2687 1007 2752 proponere
1019 2668 1052 2728 in
1064 2689 1169 2729 exem-

71 2778 151 2858 plum
167 2777 237 2836 aliis
242 2819 254 2855 ,
276 2772 515 2834 adolescentibus
528 2774 704 2857 praecipue,
725 2774 831 2837 velim:
853 2772 906 2832 sed
920 2770 988 2851 quia
1003 2769 1037 2829 in
1051 2791 1086 2831 eo
1098 2771 1166 2829 loco

72 2879 106 2940 in
123 2899 219 2960 eoque
239 2895 367 2938 munem
382 2877 580 2954 constitutus,
602 2886 785 2938 attractare
804 2873 948 2938 eiusmodi
967 2859 1081 2954 scripta
1098 2891 1168 2934 cum

74 2980 111 3040 sd
145 2979 339 3040 voluntatem
367 2979 500 3059 possim,
527 2985 592 3038 tum
621 3000 679 3060 pro
705 2979 806 3042 allicio
835 2976 973 3050 debeam,
1001 2974 1035 3033 id
1056 2974 1168 3052 'malui

73 3081 153 3163 quod
168 3081 224 3141 alii
242 3081 344 3140 minus
361 3080 516 3142 commode
529 3083 668 3162 possent,
688 3101 788 3160 agere,
811 3099 900 3160 quam
914 3082 995 3160 quod
1006 3079 1097 3142 iidem
1111 3098 1170 3142 aa·

73 3205 129 3264 que
141 3183 224 3244 bene
237 3191 328 3264 etque
342 3201 412 3262 ego,
432 3183 583 3246 autetiam
597 3184 691 3245 multo
704 3203 753 3244 me
762 3179 878 3245 melini.

155 3353 229 3416 XV.
251 3351 437 3431 Accedebat,
459 3355 539 3435 quod
553 3356 586 3415 in
604 3353 760 3417 Britannia
779 3374 889 3414 novam
909 3352 1068 3414 sditionem
1087 3351 1167 3414 The·

76 3453 155 3514 sauri
177 3451 375 3534 Stephaniani
396 3457 498 3537 parari
523 3457 696 3536 audiebam,
724 3458 763 3517 ad
783 3477 904 3536 eamque
925 3453 1169 3538 locupletandam

77 3555 157 3617 viros
177 3557 287 3617 doctos
312 3557 436 3618 editioni
451 3561 635 3640 praepositos
651 3580 739 3621 voces
755 3560 890 3620 nondum
910 3559 943 3619 in
958 3558 1067 3620 Lexica
1083 3578 1170 3619 rece-

77 3667 142 3740 ptas
159 3658 298 3740 undique
312 3661 463 3742 aucupari.
505 3663 605 3738 Quare
617 3663 783 3741 vocabula,
805 3661 911 3742 quibus
932 3661 1049 3738 adbuc,
1072 3676 1217 3741 quan-1³,
1233 3678 1291 3731 m

78 3769 140 3820 turn
152 3761 217 3821 scio
224 3805 236 3837 ,
256 3763 365 3822 Lexica
381 3773 484 3822 carent
499 3763 629 3847 (enotavi
647 3776 745 3826 autem
760 3763 923 3844 multiplici
939 3763 1068 3824 lectione
1083 3783 1168 3825 com·

80 3863 163 3944 plura
174 3861 304 3946 millia),
322 3865 435 3947 passim
448 3866 605 3942 subiunxi,
629 3868 798 3946 gratificans
813 3867 1043 3950 Lexicogrsphis
1056 3869 1167 3949 potius,

83 3985 167 4045 quam
181 3966 265 4047 qnod
283 3967 316 4026 in
334 3967 480 4027 eiusmodi
493 3969 591 4030 verbis
607 3969 750 4031 addendis
764 3991 903 4051 magnum
919 3971 1092 4051 ponendum
1106 3988 1169 4028 essa

82 4076 276 4146 momentum,
297 4077 351 4129 aut
371 4069 559 4149 gloriandum
576 4080 689 4152 putem.
729 4073 784 4152 Egi
804 4074 837 4134 id
859 4093 998 4154 quoque,
1023 4081 1057 4132 ut
1073 4091 1168 4132 voca-

83 4164 147 4229 bula
159 4169 343 4254 pbrasesqus
361 4173 520 4258 praecipue
534 4193 572 4235 ex
594 4168 790 4258 scriptoribus
812 4175 874 4236 illis
896 4193 1059 4253 sumerem,
1080 4174 1167 4255 quie
