2780 4626
265 268 317 344 64
519 341 523 346 ,
632 273 788 354 LEONlS
808 275 990 344 DIACONI

103 454 132 506 Α.
145 450 259 508 16474
267 439 367 532 γέγονε
380 441 551 522 Βυζαντίου
571 439 650 526 πρδς
668 437 724 506 τδν
743 436 967 530 οὗτοκράτορσ.
1000 433 1100 528 ταάτη
1119 439 1279 528 παρείπετο
1301 440 1359 506 καλ

32 619 37 640 ὶ
123 526 193 642 ff·
204 524 301 646 {66²3
323 549 379 610 τοῦ
402 545 552 629 συναίμου
569 543 665 610 αδτοῦ
677 542 819 620 Λέοντος
839 547 891 609 καὶ
905 540 1151 624 Κουροπαλάτου
1165 543 1356 626 πλημμελές·

135 663 156 712 1.
170 661 235 716 N.8
269 646 353 723 ὅστις
372 645 428 713 τὸν
450 643 593 731 άνδρῶδη
618 647 669 712 καὶ
690 645 908 732 στρατιωτικὸν
928 647 1023 712 αὐτοῦ
1044 647 1114 729 βίον
1133 641 1359 732 παρωσάμενος

102 763 156 816 Fot.
168 763 220 820 289
234 779 258 818 ν.
267 750 344 840 πρδς
354 750 411 816 τδν
423 749 548 816 ἀστικὸν
560 751 612 814 κοιλ
625 752 788 836 φιλοκερδῆ
800 745 1003 832 μετετάξατο,
1029 746 1131 833 ἥττων
1144 773 1176 814 τε
1186 744 1359 836 χρημάτων

238 857 318 922 cxci
332 849 500 938 λημμάτων
514 848 683 941 γενόμενος,
700 853 853 918 σιτοδείαν
867 850 1028 940 εἰργάσατο
1045 853 1096 916 καλ
1110 848 1220 916 σπάνιν
1238 856 1301 917 τῶν
1316 849 1384 923 obs

266 959 417 1044 ναγκαίων
431 953 683 1044 ἀφιλάνθρωπον.
706 954 807 1040 ὀλίγον
820 954 878 1042 γὰρ
894 954 949 1021 τδν
964 965 1050 1022 σῒτον
1065 951 1236 1037 ιδνοάμενος
1250 951 1360 1019 ἀπεδί-

265 1064 325 1128 δου
344 1064 470 1125 πολλοῶ.
503 1061 555 1124 καὶ
568 1056 762 1146 ψιθυρισμὸς
775 1057 835 1122 άνά
846 1057 883 1123 τδ
902 1055 981 1124 άστυ
998 1054 1113 1144 ἔχῶρει,
1132 1053 1359 1139 καταβοώντων

267 1169 330 1232 τῶν
339 1161 482 1242 δστικῶν,
493 1163 519 1227 εἰ
530 1161 589 1238 τὰς
602 1165 657 1228 τοῦ
672 1165 774 1228 κοινοῶ
783 1160 946 1248 συμφορὰς
957 1157 1021 1226 illua
1034 1160 1125 1248 κέρδη
1133 1156 1282 1244 ποιήσειεν
1292 1165 1360 1233 τῶν

269 1265 469 1352 αδταδίλφων
488 1260 509 1348 ἦ
527 1265 662 1348 ξυνωρὶς,
687 1265 719 1340 ἐς
731 1263 789 1347 τὴν
808 1265 1027 1348 κερδαίνουσαν
1045 1268 1233 1330 συνωθοῦσιν
1253 1258 1360 1350 πήραν

268 1369 311 1436 τά
329 1373 393 1434 τῶν
407 1371 536 1432 πολλῶν.
577 1367 629 1430 καλ
642 1364 701 1453 γάρ
722 1364 760 1450 δὴ
776 1367 828 1430 καλ
842 1362 859 1431 ὃ
874 1365 1018 1449 βασιλεὺς
1038 1362 1156 1454 φόρους
1174 1363 1248 1442 τοδς
1262 1361 1384 1448 μήπωο

269 1469 488 1554 ἐπινοηθέντος
502 1465 717 1556 ἀπαραιτήτως
730 1465 926 1553 ἐκαινοτόμει,
943 1469 974 1546 ές
984 1469 1021 1535 τὸ
1033 1467 1250 1554 στρατιωτικὸν
1264 1467 1362 1553 λέγων

269 1570 436 1662 χρημάτων
449 1571 498 1638 ὅτι
511 1573 633 1637 δεῖσθαι
645 1577 774 1654 συχνῶν,
791 1573 842 1636 καὶ
854 1569 975 1648 τούτοις
988 1571 1150 1658 κατέτρυχε
1163 1569 1199 1636 τὸ
1211 1567 1360 1656 ὑπήκοον.

272 1676 445 1762 λέγετατδέ,
470 1674 527 1740 εἴτε
540 1672 618 1760 πρὸς
630 1679 694 1738 τῶν
706 1672 746 1738 τδι
759 1673 898 1762 μετέωρα
910 1670 1172 1760 περισκοποιίντων
1183 1671 1274 1750 τινδς,
1302 1672 1363 1738 είτε

274 1781 324 1844 καί
332 1784 395 1844 τῶν
407 1773 530 1861 μονάδα
542 1777 612 1859 βίον
622 1777 855 1862 ίπανῃρημένων
870 1779 920 1842 καλ
935 1775 1039 1862 άζογα,
1056 1778 1290 1861 διενωτισθῆντιι
1305 1774 1362 1842 τὸν

244 1877 487 1968 Βαδτοκράτορα
494 1927 505 1960 ,
533 1875 575 1954 ῶς
591 1877 676 1965 παρά
695 1877 752 1962 τὴν
762 1881 917 1962 βοσῶειον
936 1876 1040 1945 ἑστίαν
1054 1875 1191 1963 ἐνιπλήσει
1204 1878 1260 1945 τὸν
1274 1880 1384 1962 ,llum

272 1981 445 2070 ἀναιρεθεὶς
458 1979 544 2070 παρά
555 1987 619 2047 τῶν
639 1977 808 2065 ὁμοεθνῶν.
848 1981 986 2070 περιδεὴς
1002 1974 1056 2047 οὖν
1070 1989 1115 2070 τῷ
1125 1988 1256 2070 χρησμῷ
1271 2005 1362 2066 γεγο-

272 2085 351 2166 vole,
378 2085 538 2172 περίβολον
553 2083 586 2148 έιι
600 2091 656 2150 τοῦ
670 2084 807 2170 θατέρου
820 2085 934 2172 μέρους
947 2090 1003 2151 roei
1019 2082 1097 2171 πρδς
1118 2079 1279 2150 θάλατταν
1294 2083 1362 2148 έπι-

272 2193 394 2264 κλινοῶς
410 2193 474 2252 τῶν
490 2182 668 2274 άνακτάρων
679 2188 812 2270 ταχίζιιν
827 2184 995 2275 ἀρξάμενος
1002 2235 1013 2269 ,
1042 2185 1121 2256 κατὰ
1133 2182 1268 2274 θάτερον
1282 2184 1363 2274 πρὸς

271 2288 435 2356 θάλατταν
456 2289 655 2376 συνεπέρανε,
682 2289 733 2354 καλ
753 2299 852 2374 τεῖχος
873 2289 909 2356 νδ
931 2295 986 2355 νῶν
1008 2286 1162 2377 ὁρώμενον
1182 2285 1308 2374 ὑψηλόν
1327 2311 1363 2354 τε

270 2395 322 2460 καί
336 2391 447 2480 ὀχυρὸν
461 2388 652 2475 ίδσμῆσατο,
679 2393 730 2457 καλ
748 2391 806 2478 τὴν
820 2394 975 2476 βασῶειον
990 2389 1094 2459 ἑστίαν
1098 2441 1111 2474 ,
1139 2388 1182 2468 ῶς
1203 2386 1383 2466 herbae-2

269 2497 335 2577 ζεν,
360 2495 565 2582 ἠσφαλίσατο.

106 2613 135 2662 u.
148 2611 182 2662 u.
196 2605 265 2664 6475
348 2593 375 2676 ζ’
375 2644 385 2662 .
411 2592 590 2684 Πρίκενσον
609 2596 645 2662 δὲ
664 2594 743 2662 κατὰ
757 2594 815 2681 τὴν
827 2601 883 2664 τοῦ
899 2602 1046 2686 Σωτῆρος
1060 2593 1215 2685 ἀνάληψιν
1229 2595 1310 2670 κατά
1324 2595 1362 2662 τδ

124 2679 195 2800 ἐξ.
206 2681 260 2800 {32⁸7
274 2696 446 2781 είθισμένον
466 2697 524 2777 λ’ξω
538 2703 645 2782 τειχῶν
664 2699 713 2764 tut
737 2699 794 2784 τὴν
814 2699 1001 2786 καλουμένην
1021 2702 1133 2788 Πηγὴν
1153 2699 1363 2784 ποιησαμένου

142 2819 162 2870 1.
176 2818 209 2867 Ν.
222 2812 241 2869 t
275 2807 330 2869 τοῶ
343 2800 494 2886 βασιλέως
508 2799 596 2891 (νεῶς
609 2803 642 2867 δέ
654 2798 752 2889 ταύτῃ
764 2802 944 2890 περικαλλὴς
956 2811 996 2892 τῇ
1011 2801 1152 2894 Θεοτάκφ
1166 2799 1361 2890 δεδάμηται),

175 2915 209 2972 1³.
225 2915 261 2976 40
278 2901 413 2989 διαμάχη
435 2928 482 2981 τις
502 2903 617 2987 μεταξι)
641 2906 816 2984 Βυζαντίων
838 2908 889 2971 καὶ
909 2905 1073 2996 Ἀρμενίων
1100 2907 1289 2989 συνέβαινεν,
1310 2901 1382 2979 Δῶςλ

272 3035 453 3105 Imperatorem
465 3032 502 3087 ori
549 3033 658 3086 exstitit
693 3033 809 3088 Accessit
822 3033 897 3089 tetris
910 3035 965 3089 eius
978 3035 1071 3089 Leonis
1083 3034 1254 3105 Curopalatae
1265 3031 1362 3103 iniqui-

272 3113 327 3158 tas:
344 3102 391 3172 qui
401 3102 470 3155 virili
480 3105 511 3156 m'
524 3101 633 3172 'tarlque
649 3100 718 3154 vitae
734 3120 830 3170 genere
843 3105 933 3158 relicto
945 3105 977 3158 ad
990 3105 1161 3158 sedentarium
1179 3108 1207 3156 et
1222 3111 1362 3172 quaestuo-

272 3190 328 3227 sum
339 3190 368 3226 so
381 3171 562 3234 transtulerat,
582 3171 705 3241 uanaque
716 3173 826 3226 avaritia
837 3181 914 3244 etque
927 3174 1068 3244 cupiditate
1081 3189 1136 3228 otum
1154 3189 1269 3226 sunum
1280 3187 1363 3240 augu-

272 3242 338 3296 stias
349 3241 493 3304 inferebat,
509 3249 561 3294 tum
576 3256 661 3292 rerum
673 3241 871 3295 necessariarum
882 3242 1013 3298 immanem
1024 3244 1163 3314 penuriam.
1197 3240 1283 3294 Parvo
1297 3239 1363 3292 mum

159 3304 169 3325 “
273 3321 366 3365 emtum
381 3310 531 3364 trumentum
549 3309 677 3361 vendebat
688 3325 789 3394 magno.
824 3311 1149 3382 Mansbstquesusurratio
1163 3309 1362 3379 permutatam,

273 3379 393 3447 querelas
403 3385 543 3498 spprpeute
566 3376 658 3462 plebe,
675 3395 749 3448 quaer
761 3377 886 3446 geminum
899 3399 947 3450 par
957 3382 1080 3444 fratrum,
1095 3379 1213 3464 publicas
1232 3377 1364 3456 calamite-

272 3449 561 3577 mutilati&
568 3445 1365 3588 ulmtltrtttttuffiutttttrlututt

273 3583 319 3636 biti
334 3580 456 3665 asiditute
467 3583 715 3648 comminiscebatur,
733 3585 765 3636 εδ
780 3585 902 3640 militsres
916 3592 1012 3640 sumtus
1026 3588 1148 3640 dictitans
1161 3601 1226 3654 opus
1244 3583 1295 3636 sibi
1307 3597 1364 3634 esso

271 3667 405 3722 pecuniam
431 3669 607 3722 permaguum,
629 3652 785 3724 tributisque
802 3654 854 3706 illis
875 3657 986 3720 vexabat
1009 3655 1132 3709 subditos.
1171 3651 1251 3706 Aiunt
1270 3655 1363 3711 autem,

272 3719 328 3774 sive
341 3720 525 3789 astrologorum
540 3722 625 3792 aliquo
637 3721 786 3787 divinante,
803 3724 858 3777 sire
875 3725 984 3796 quodam
998 3726 1175 3789 monachorum
1191 3720 1363 3787 caelibemque

272 3789 352 3842 vitam
367 3789 557 3858 profitentium,
573 3789 601 3842 lu
617 3788 784 3859 Imperatoris
797 3809 883 3846 aurem
897 3793 1010 3857 venisse,
1026 3793 1104 3846 vitum
1118 3791 1155 3844 illi
1168 3792 1195 3844 iu
1209 3788 1305 3857 palatio
1319 3801 1364 3839 ex-

290 3857 406 3921 lendem,
434 3874 451 3910 s
466 3857 615 3929 civibusque
632 3859 686 3912 suis
705 3877 761 3912 eum
780 3867 898 3914 necatum
916 3862 960 3916 iri.
995 3862 1055 3924 Qus
1069 3861 1244 3932 praedictione
1259 3854 1363 3909 timidos

272 3874 375 3989 lectus,
397 3925 559 3979 munitionem
579 3927 612 3980 ab
624 3927 706 3980 alters
726 3935 802 3998 psrtc
820 3931 911 3999 palatii
928 3931 956 3982 in
975 3947 1045 3982 mare
1060 3935 1184 4012 vergente
1204 3927 1238 3979 atl
1259 3925 1364 3978 alterum

272 3992 334 4048 item
350 4011 421 4046 mare
435 4001 590 4064 spectantem
596 3995 732 4065 perduxit,
749 4015 871 4068 muroque
882 3999 928 4069 qui
948 3999 1032 4051 sdbuc
1052 4005 1166 4052 cernitur
1185 3995 1287 4050 sublimi
1303 4008 1364 4046 sarus

271 4079 305 4117 sc
315 4063 388 4115 firmo
400 4071 530 4116 exsuucto
543 4064 731 4135 imperatorium
742 4066 817 4120 limen
827 4075 925 4132 murm,
941 4073 971 4120 ut
980 4067 1169 4130 orbitrsbetru,
1185 4063 1308 4119 reddidit.

339 4133 367 4187 7.
387 4132 543 4186 Asceusioue
558 4141 641 4187 sutem
657 4135 817 4200 Serratoris,
834 4154 891 4189 oum
906 4136 1048 4206 Imperator
1066 4153 1124 4206 pom
1159 4153 1182 4188 m
1200 4151 1270 4188 more
1289 4128 1364 4184 solito

273 4205 348 4256 exus
358 4217 442 4254 muros
454 4202 487 4254 ad
503 4201 615 4270 Pomm,
632 4219 706 4272 quom
718 4213 830 4268 vocent,
848 4205 1134 4274 ageret(templumib1
1155 4205 1236 4256 mirae
1251 4197 1365 4272 pulchri-

272 4264 369 4324 tudiois
380 4269 510 4342 Dcipsrse
521 4271 683 4326 aedificatum
696 4273 759 4342 est),
777 4289 865 4343 pugna
877 4273 1175 4346 coustuutioopclitaoos
1191 4273 1260 4326 iuter
1277 4274 1305 4324 ct
1316 4268 1365 4320 Ατ-
