2786 4620
509 125 522 162 ἱ

280 239 513 312 EXOERPTA
531 242 593 314 EX
613 241 827 314 HISTORIIS
847 247 1039 320 ARABUM.
1130 247 1206 321 375

109 401 329 485 tmpestatione
341 401 461 464 nullum
477 423 569 485 penes
583 423 631 466 me
650 413 696 466 cst
709 403 870 485 iudicium,
892 427 1061 490 quanquam
1076 431 1204 499 compe-e

106 515 172 584 ret,
196 505 271 566 adeo
292 503 454 566 verborum
471 515 591 567 terame
610 507 702 568 fuisse
719 507 913 590 interpretes,
938 518 972 570 ut
992 534 1129 578 sermone
1145 540 1204 600 p..

104 629 179 671 rum
193 608 301 669 Latino
315 607 365 667 usi
379 606 457 686 sint3
479 617 609 670 ettamen
625 609 749 672 difficile
769 621 919 688 senseat,
942 612 1060 694 ingenio
1080 620 1200 700 lingua.

75 783 79 788 .
102 732 178 774 rum
199 709 399 773 Orientalium
420 712 643 774 accommodare
653 712 789 802 Latium
804 721 834 775 et
854 735 1063 797 saepenumero
1084 741 1199 804 vereor,

102 833 145 876 ne
157 813 238 876 idem
251 812 333 894 quod
345 832 418 872 mox
429 813 463 873 iu
473 814 539 876 eliis
551 814 743 896 osetigsbam,
765 815 819 884 alii
831 815 864 876 in
876 839 924 879 ms
946 821 1116 902 castigetur-i
1128 825 1199 891 sint

192 946 447 1029 Abulpbaragium
468 949 626 1031 excipiunt
648 959 789 1032 excerpts
805 972 842 1012 ex
855 953 1010 1036 snnalsbus
1025 956 1199 1036 Abulisdae,

105 1074 125 1112 a
135 1051 259 1112 Rei-ebio
271 1051 376 1111 Latine
390 1051 514 1112 redditis
529 1061 559 1114 et
572 1062 642 1133 post
655 1063 783 1115 mortem
790 1054 849 1115 viri
860 1055 1023 1118 doctissimi
1039 1068 1069 1120 et
1080 1061 1199 1140 linguas

106 1151 253 1215 Arabicae
266 1151 399 1232 opprime
411 1152 501 1234 periti
513 1154 637 1215 Arabico
648 1165 679 1216 et
690 1157 794 1218 Latius
809 1157 897 1218 editis
909 1157 946 1219 ab
961 1161 985 1224 I.
997 1163 1034 1224 G.
1044 1163 1079 1226 C.
1087 1163 1195 1244 Adler,

102 1257 274 1338 professore
288 1255 450 1316 Hafniensi.
491 1255 585 1316 Notus
596 1267 640 1317 est
652 1268 757 1319 auctor
769 1279 865 1339 noque
878 1259 1015 1322 instituta
1031 1262 1068 1324 de
1081 1283 1115 1324 oo
1129 1264 1195 1326 dis-

102 1359 260 1441 putatione
277 1366 394 1440 tempus
411 1357 550 1419 obsidebo
571 1357 702 1418 lectoris.
729 1359 777 1426 Ex
790 1363 869 1421 notis
884 1362 1049 1424 Reiskianis
1062 1385 1110 1425 eas
1123 1375 1195 1428 tan·

102 1461 313 1538 tum-retinui,
336 1481 410 1540 quoe
429 1459 517 1520 rebus
541 1457 748 1522 dilucidsudis'
760 1460 956 1542 inservirent,
977 1464 1098 1545 ceteris,
1119 1487 1195 1548 quse

102 1561 165 1624 buo
177 1585 241 1625 non
254 1565 401 1642 facerent,
423 1561 549 1630 omissis.
666 1551 671 1563 ⁸
1048 1573 1049 1576 ’

186 1701 236 1762 Ex
246 1698 392 1761 Elmscim
406 1699 530 1760 historia
542 1696 718 1760 saracenica
735 1719 810 1779 quae
824 1719 1046 1784 excerpserant,
1066 1705 1189 1768 omnino

101 1801 206 1881 omisi,
228 1823 321 1884 quum
337 1803 557 1885 comparatione
571 1803 649 1862 facts
661 1801 817 1881 vidissem,
838 1800 884 1863 nii
896 1806 957 1865 fere
976 1804 1013 1865 ab
1030 1826 1064 1866 so
1076 1827 1191 1869 memo-

97 1905 161 1964 riae
174 1903 331 1986 proditum
348 1906 452 1986 fuisse,
475 1904 557 1987 quod
572 1925 635 1965 non
649 1903 799 1987 copiosius
813 1914 843 1970 ct
856 1905 963 1968 melius
974 1907 1033 1970 ism
1046 1909 1190 1973 traditum

97 2007 141 2067 sit
153 2007 190 2066 sb
208 2005 430 2090 Abulpberogio
447 2017 478 2069 et
490 2007 647 2078 Abulscda,

185 2144 299 2206 Ultimo
314 2144 441 2225 denique
453 2146 521 2207 looo
534 2145 639 2206 Latine
651 2092 864 2226 interpretetus
877 2165 944 2205 sum
955 2154 1071 2225 partem
1083 2143 1188 2224 bbelli,

100 2254 172 2307 ente
188 2245 245 2308 hos
262 2255 329 2307 octo
350 2267 444 2308 annos
464 2248 539 2310 editi
554 2269 572 2307 a
588 2248 624 2310 V.
641 2245 753 2308 clariss.
773 2246 811 2308 G.
830 2247 884 2310 W.
903 2248 1076 2326 Fieitogs'o,
1097 2245 1187 2326 lingg.

99 2349 229 2410 Orieutt.
247 2347 281 2409 in
293 2347 349 2410 bac
364 2351 522 2412 Academia
534 2351 615 2434 prof.
630 2349 713 2432 publ.
727 2347 833 2428 ordin,
855 2368 941 2427 quem
954 2347 1188 2428 linguaeArabi-

97 2472 150 2513 cae
169 2460 392 2533 praeceptorem
415 2453 480 2534 ipse
499 2473 644 2532 veneror,
665 2451 724 2512 boc
741 2449 797 2510 sub
820 2449 928 2511 titulo:
948 2448 1117 2528 Regiorung
1135 2448 1188 2509 sies

42 2631 46 2640 ι
95 2553 394 2616 Ssabd-Addauiezu
405 2554 528 2638 Aleppo.
549 2557 612 2618 Aue
626 2554 707 2616 einer
713 2550 1099 2613 ArabiscbenHandscbrist
1112 2550 1187 2612 hcr-

97 2655 277 2736 eusgegeben
297 2676 360 2717 von
379 2657 415 2717 G.
436 2661 483 2718 W.
501 2659 627 2738 Freitag.
670 2657 782 2716 Textus
796 2652 952 2732 Arabicus,
974 2653 1025 2734 qui
1039 2653 1107 2714 boio
1120 2654 1186 2736 pri·

95 2777 181 2819 mum
206 2757 287 2838 typis
316 2757 484 2840 exscriptus
509 2769 569 2839 est,
591 2768 750 2840 excerptus
771 2765 816 2818 est
834 2777 851 2816 a
870 2756 972 2836 codice
984 2756 1111 2819 Arabico
1126 2758 1186 2817 Pa-

94 2859 230 2938 sisiemi,
251 2859 337 2922 cuius
357 2872 473 2944 pmtem
492 2862 554 2924 iam
574 2872 659 2924 antea
679 2859 794 2943 publici
811 2857 887 2920 iuris
905 2861 1016 2919 feceret
1035 2857 1115 2917 idem
1134 2857 1185 2924 vir

94 2963 223 3040 tinctus,
243 2961 303 3022 boc
315 2961 429 3026 iudices
450 2965 565 3026 Selcota
584 2985 622 3024 ex
635 2961 763 3036 historia
775 2961 898 3039 Helebi;
919 2961 965 3022 ed.
983 2961 1019 3019 G.
1038 2963 1085 3023 W.
1098 2959 1183 3019 Frei-

94 3073 153 3146 tsg.
193 3065 328 3126 Lutetiae
346 3067 540 3129 Parisiorum.
561 3069 653 3133 1819.
693 3062 858 3126 Praemisso
877 3071 923 3124 est
943 3061 1062 3141 copioso
1075 3068 1106 3120 et
1123 3058 1183 3120 bo·

94 3188 150 3229 nso
170 3166 266 3248 iungis
285 3168 373 3250 plena
400 3167 523 3228 editoris
541 3167 700 3248 praefatio,
727 3166 760 3226 in
781 3185 840 3244 qus
860 3163 899 3224 ds
918 3162 1049 3224 auctoris
1069 3161 1183 3223 sitast

93 3269 154 3332 fide
173 3271 251 3334 bbro
266 3269 327 3332 eius
345 3270 480 3330 hibenda
493 3279 630 3330 accurate
645 3270 829 3349 disputatum
850 3273 912 3341 est3
933 3263 1072 3326 brevibus
1090 3262 1182 3342 igitur

92 3374 124 3438 b.
141 3376 164 3436 l.
176 3393 241 3436 rem
253 3371 394 3455 expedire
405 3390 537 3452 possum.
575 3373 669 3434 Natus
684 3379 728 3432 est
748 3377 855 3430 auctor
869 3388 947 3428 enno
966 3364 1096 3426 Arabum
1117 3366 1182 3434 688

93 3476 215 3556 Halebi3
242 3471 403 3538 romenei
423 3473 482 3534 tuit
500 3472 630 3534 Ohmsro
648 3471 870 3547 ben-Abmed,
893 3469 1062 3548 damnatur
1081 3477 1181 3529 sutem

91 3557 270 3662 plerumque
289 3574 464 3658 cognomina
484 3575 685 3638 Cemaleddiui
708 3569 742 3660 (1.
759 3575 780 3638 l.
800 3596 832 3656 p.
858 3569 1013 3657 XXXVI).
1046 3570 1100 3631 vir
1121 3569 1181 3630 suit

90 3702 176 3746 raras
190 3680 361 3755 doctrinae,
382 3676 507 3739 eximiae
520 3678 697 3760 prudentiae
705 3702 719 3756 ‚⁴
739 3679 776 3739 ad
796 3699 843 3739 res
856 3675 981 3756 agendos
992 3683 1079 3734 notus
1091 3679 1180 3753 atque

90 3794 198 3866 aptus,
226 3782 408 3861 summisque
427 3779 621 3842 bonoribosa
641 3780 828 3862 principibus
843 3779 907 3840 suis
931 3785 1070 3851 ornetus3
1098 3773 1178 3834 diern

89 3886 165 3950 obiit
185 3903 358 3966 supremum
370 3903 448 3942 anuo
462 3887 525 3950 660
535 3881 639 3960 Minci,
662 3881 772 3963 oppido
783 3881 973 3964 Aegyptiace.
1013 3877 1177 3942 Historiam

90 3987 197 4050 Halebi
209 3987 280 4048 inde
294 4007 312 4045 a
329 3984 434 4066 primis
453 3983 538 4044 urbis
553 3985 646 4046 initiis
662 3985 818 4064 diligenter
832 3993 862 4044 et
878 3989 1015 4043 accurate
1024 4024 1033 4057 ,
1054 3987 1177 4060 puroet
1276 4051 1282 4060 .

90 4089 223 4172 simplici
242 4087 363 4149 dioentii
374 4107 479 4166 genere
492 4105 583 4164 usus,
604 4085 761 4146 memoriae
774 4084 941 4182 mandavit,
961 4079 1095 4143 veritatis
1105 4099 1177 4162 prae

92 4193 196 4258 esteris
216 4191 387 4264 studiosius
413 4209 474 4272 qur
490 4187 529 4252 de
544 4209 577 4252 re
598 4189 731 4252 iudicent
751 4187 876 4250 lectores
894 4185 971 4268 ipsi,
993 4184 1019 4247 si
1038 4189 1176 4265 excerpts
