2786 4620
340 302 401 370 AD
421 299 713 372 lllCEPHORUM
732 303 926 380 Pttocset
1095 299 1168 376 851

74 473 106 524 st
125 460 272 540 liberam,
293 459 433 522 ditiorem
451 462 535 544 ipse,
556 481 592 521 ac
614 461 783 525 liberiorem
802 465 932 528 reddat?
954 465 1012 528 Sed
1031 465 1108 549 hoc,
1129 469 1174 533 eit

73 565 203 646 Basilius
221 563 497 641 Paralimomenos,
519 565 627 643 faciet,
650 585 716 626 cum
738 566 776 627 ad
788 577 897 629 nutum
909 589 997 630 snum
1011 573 1122 650 Roma,
1142 583 1174 636 et

75 665 363 739 homsneEcclesia
385 665 581 729 ordinabitur.
622 667 714 747 Tum,
739 669 845 749 homo,
873 671 1014 753 inquam,
1041 675 1173 757 quidam,

74 773 200 832 multam
224 768 261 830 ab
278 769 338 828 alio
355 788 460 848 passus
480 768 636 848 iniuriam,
656 769 704 831 his
721 771 814 834 Deum
829 793 980 853 aggressus
992 785 1038 836 eet
1050 779 1172 842 verbine

73 876 216 954 Domine,
235 870 360 933 vindica
378 889 424 930 me
446 870 483 930 de
498 873 666 934 adversario
682 893 757 934 meo.
800 875 856 936 Cui
870 875 1032 959 Dominus,
1052 880 1171 960 seciam,
1191 927 1195 938 .

72 978 189 1058 inquit,
209 979 243 1037 in
263 978 311 1037 die
331 997 401 1038 cum
416 977 539 1038 reddam
554 975 717 1056 unicuique
735 977 901 1040 seeundum
917 1000 1008 1062 opera
1027 1002 1090 1045 sne.
1131 984 1172 1047 At
1242 1056 1250 1076 ¹

71 1081 137 1156 illa,
162 1081 256 1154 Quam
268 1080 363 1158 tarde,
384 1079 463 1139 infit.
503 1079 588 1138 Tunc
602 1097 712 1155 omues,
733 1089 852 1160 praeter
861 1083 1002 1163 fratrem,
1025 1086 1201 1149 cachinnoD

74 1182 222 1242 commoti
245 1181 493 1263 discrepationem
515 1179 714 1259 dimiserunt,
735 1203 840 1263 meque
860 1184 892 1244 in
906 1186 1034 1246 invisam
1050 1189 1173 1251 domum

70 1284 179 1344 reduci
200 1293 431 1365 praeceperunt,
452 1302 618 1362 magnaque
640 1283 785 1345 custodiri
800 1287 915 1348 cautela
934 1307 1028 1370 usque
1046 1289 1079 1350 in
1095 1293 1173 1353 San·

73 1397 192 1450 ctorum
206 1367 416 1469 Apostolorum
430 1385 573 1466 religiosis
590 1384 708 1444 cunctis
723 1388 866 1449 celebrem
884 1389 973 1451 diem.
1016 1391 1081 1466 Qua
1093 1393 1173 1454 ccle-

71 1491 185 1552 hritate
195 1511 249 1550 me
264 1479 335 1550 eatis
354 1500 522 1569 aegrotum,
544 1507 601 1548 nec
618 1507 680 1546 non
696 1497 726 1548 et
740 1488 934 1568 bulgarorum
951 1493 1095 1573 nuncios,
1117 1496 1169 1576 qui

72 1594 172 1676 pridie
193 1601 356 1669 reuerent,
383 1593 422 1653 sd
445 1595 569 1651 Sanctos
597 1590 756 1671 Apostolos
781 1591 839 1652 eibi
865 1593 985 1654 obviare
1009 1597 1169 1678 praecepit.

74 1698 207 1776 Cumque
227 1706 298 1777 post
318 1694 490 1756 naeniarum
510 1693 735 1774 garrulitatem,
761 1703 792 1754 et
812 1694 969 1757 Missurum
991 1698 1169 1758 celebratio·

72 1819 151 1877 nem,
174 1800 355 1859 admoneam
371 1799 582 1874 invitaremur,
605 1797 638 1856 in
655 1796 786 1857 citeriori
800 1817 918 1860 mensae
931 1787 1072 1880 margine,
1095 1819 1169 1880 quse

56 1909 137 1961 ¹eret
149 1902 214 1960 sine
231 1900 389 1961 latitudine
402 1902 507 1980 longa,
528 1899 727 1978 Bulgarorum
741 1901 903 1977 nuncium,
924 1903 1073 1984 Ungarioo
1086 1924 1169 1966 more
1182 1921 1213 1979 Ρ,
1230 1920 1282 1980 432

73 2013 213 2078 tonsum,
236 2023 325 2064 aenea
346 2015 448 2063 catena
463 2003 610 2078 cinctum,
634 2009 663 2064 et
677 2011 713 2061 nt
727 2022 810 2062 mene
827 2001 901 2064 mihi
916 2007 1061 2085 suggerit,
1083 2016 1170 2067 cate·
1186 1992 1244 2050 ⁰⁰¹·
1263 1997 1277 2050 ¹

74 2105 273 2183 chamenum,
293 2105 366 2165 mihi
382 2105 557 2187 praeponit3
580 2103 619 2162 ad
633 2113 762 2164 vestram
780 2105 885 2185 plene,
907 2107 1026 2168 Domini
1039 2109 1099 2168 mei
1111 2110 1172 2171 Au.

75 2207 154 2287 gusti
162 2207 181 2283 ,⁸
195 2208 410 2268 coutumeliam.
453 2208 490 2268 Iu
503 2205 590 2267 vobis
605 2214 792 2287 contemptus
800 2249 809 2278 ,
829 2207 863 2266 in
876 2207 963 2268 vobis
981 2220 1116 2291 spretus,
1136 2211 1170 2271 in

74 2309 164 2370 vobis
183 2309 323 2369 abiectus.
365 2310 424 2370 Sed
436 2311 552 2390 ‚gratias
575 2331 629 2390 ago
651 2310 778 2371 Domino
798 2308 864 2369 Iesu
886 2309 1021 2389 Christo,
1044 2313 1093 2374 cui
1115 2333 1170 2374 vos
1244 2349 1250 2364 ·

73 2411 196 2472 servitis
210 2411 292 2471 omni
301 2410 411 2491 spiritu
422 2422 542 2491 vestro,
563 2413 645 2493 quod
658 2411 776 2472 habitus
789 2431 854 2472 snm
868 2433 924 2494 pro
937 2413 1059 2476 nomine
1069 2424 1169 2476 vestro

74 2517 185 2596 diguus
200 2515 394 2576 contumelias
411 2516 484 2595 pati.
527 2514 658 2594 Verum,
682 2515 800 2575 Domini
814 2516 889 2594 mei,
909 2537 1005 2578 meam
1018 2537 1080 2577 non
1098 2537 1171 2578 con-

74 2618 208 2678 sidereus
214 2663 223 2694 ,
243 2618 297 2676 sed
311 2625 440 2678 vestram
460 2617 616 2696 iniuriam,
638 2637 771 2679 mensum
784 2617 900 2699 reliqui.
943 2619 1102 2700 Quumque
1116 2620 1180 2680 in·-

74 2719 202 2798 dignens
227 2719 308 2781 abire
332 2719 459 2796 vellem,
487 2721 548 2782 Leo
575 2723 763 2803 Goroplates,
793 2721 982 2802 Imperatoris
1004 2724 1114 2799 frater,
1140 2731 1170 2782 et

72 2821 168 2882 Proto
194 2841 211 2879 a
233 2821 354 2882 secretis
375 2822 510 2901 Simeon,
537 2843 617 2904 pone
639 2844 685 2884 me
707 2834 890 2903 sequuntur,
917 2823 992 2886 haec
1013 2825 1170 2886 latrantes:

75 2923 151 2984 Cum
177 2922 387 3005 Christophori
408 2925 501 2986 filiam
522 2926 626 2988 Petrus
644 2924 840 3004 Bulgsrornm
860 2925 994 2989 Vaeileus
1015 2927 1171 3006 coniugem

73 3025 216 3103 duceret,
237 3027 421 3108 symphona,
434 3028 467 3088 id
482 3039 526 3090 est
539 3028 732 3089 consonantia
749 3030 862 3110 scripte
876 3028 1043 3090 iuramento
1054 3027 1171 3088 firmata

74 3137 162 3204 sunt,
192 3137 229 3188 ut
247 3129 380 3191 omnium
398 3133 530 3210 gentium
547 3131 705 3212 apostolis,
732 3129 767 3190 id
789 3140 834 3192 est
848 3131 985 3207 nunciis,
1006 3149 1097 3210 penes
1112 3139 1198 3195 nosB

74 3230 275 3309 bulgarorum
288 3233 416 3312 apostoli
428 3242 660 3314 praeponantur,
674 3232 871 3312 honorentur,
887 3233 1057 3311 deligantur.
1098 3233 1170 3294 Bul·

74 3353 217 3412 garorum
229 3335 283 3393 illa
296 3336 464 3415 spostolus,
486 3355 681 3415 quamquam,
702 3344 737 3394 nt
749 3334 839 3413 dicis,
861 3343 892 3394 et
903 3353 1008 3395 varum
1021 3343 1082 3414 est,
1100 3345 1171 3396 ton-

74 3454 142 3511 sus,
158 3434 279 3512 illotus,
297 3445 327 3496 et
342 3448 445 3498 catena
459 3457 549 3498 aenea
564 3437 681 3498 cinctus
694 3435 751 3496 sit:
770 3437 917 3510 Patricius
939 3445 1036 3498 temen
1051 3447 1103 3516 eat,
1122 3439 1172 3500 cui

74 3537 258 3618 Episcopum
270 3558 463 3620 praeponere,
477 3542 662 3602 Francorum
673 3539 862 3621 presumtim,
876 3540 959 3601 usias
973 3539 1170 3620 decernimus,

73 3637 253 3700 iudicamus.
296 3639 335 3700 Et
349 3643 489 3722 quoniam
503 3653 533 3705 te
544 3643 578 3705 id
591 3641 712 3723 indigne
726 3641 803 3704 terro
817 3642 1039 3724 cognoscimus,
1060 3665 1123 3705 non
1141 3653 1174 3706 te

73 3761 175 3819 nuuc,
199 3751 231 3802 ut
246 3751 349 3822 putas,
371 3743 410 3805 ad
433 3744 596 3828 hospitium
615 3744 714 3806 redire
728 3744 855 3806 sinimus
861 3789 871 3823 ,
891 3745 942 3807 sed
957 3745 991 3806 in
1006 3744 1173 3810 diversorio

74 3844 204 3924 quodam
238 3865 308 3906 cum
334 3843 536 3927 Imperatoriie
561 3848 658 3911 servis
688 3847 786 3909 crhum
813 3855 931 3926 grutere
957 3847 1172 3929 compellimus.

75 3945 195 4019 Quibus
220 3945 260 4006 ob
286 3947 552 4030 incomparabilem
576 3952 677 4015 cordis
705 3951 841 4012 dolorem
867 3951 912 4012 nil
932 3949 1092 4032 respondi,
1123 3948 1176 4009 sed
1248 3953 1255 3962 “

75 4067 153 4128 quae
171 4048 336 4130 iusserant,
356 4051 432 4131 ieci,
459 4051 615 4134 indignum
631 4053 766 4117 iudicans
788 4073 919 4117 mensam
939 4049 1003 4140 10),
1031 4069 1088 4133 qus
1109 4067 1174 4110 nou

111 4252 156 4308 19.
179 4251 318 4326 indignam
334 4233 455 4312 ludiim
471 4267 588 4312 sessu.
610 4254 689 4312 Des.
