2780 4658
251 297 384 346 mvm
412 289 451 353 Η.
465 279 622 352 CANISII
640 279 850 350 rusum
870 281 931 350 AD
951 281 1118 354 Lurrrtt
1140 281 1318 356 LEGAT.

143 475 148 484 ·
251 445 336 532 poris
358 443 513 506 divmites
533 461 597 502 non
619 438 724 502 obstet.
766 439 805 501 Et
824 439 943 501 ferteri
964 433 1141 522 Luitprendi
1154 441 1225 502 libri
1239 443 1380 524 integr-i

253 559 397 626 existent,
418 545 617 608 inveniremus
629 563 693 604 non
707 540 805 623 minus
817 542 1014 623 posteriorem
1028 544 1083 603 sub
1100 545 1211 606 Ottone
1223 547 1379 626 legetio-

251 671 330 730 nem,
346 668 435 732 quem
447 649 530 710 illsur
544 647 674 728 priorem
686 645 741 705 sub
753 643 947 724 Bereugsri03
961 665 1017 705 nec
1029 645 1194 708 dubitarem
1210 668 1270 730 pro
1290 669 1375 712 cer.

251 762 284 815 to
307 761 338 813 et
353 753 508 834 explorato
529 749 694 824 affirmare,
715 745 776 806 nisi
788 747 852 827 ipes
866 747 1066 828 Luitprundus
1080 751 1258 830 semptdum
1274 751 1375 811 inii-

252 864 351 933 ceres,
374 855 427 935 qui
446 853 498 913 lib.
519 851 570 915 vt
592 869 657 930 esp.
674 854 703 916 6.
717 847 906 909 'mentionem
930 850 1004 910 feeit
1023 849 1201 932 Luitprendi
1219 853 1372 915 cremo-

251 957 351 1018 nensis
366 955 522 1038 Episcopi,
544 972 669 1032 eumque
683 951 748 1029 uit,
770 971 838 1012 curn
852 949 1028 1012 Lendoerdo
1041 953 1174 1028 Saxone,
1194 955 1371 1038 Episcopo

250 1058 439 1135 Numedensi,
453 1058 489 1118 sb
498 1058 608 1116 Ottone
617 1055 853 1133 Magnoiiomsm
868 1054 989 1122 missum
1001 1075 1062 1116 esse
1070 1056 1109 1116 ed
1119 1057 1258 1118 Ioannem
1269 1061 1369 1120 Pon·

249 1160 377 1222 ducem:
399 1171 429 1222 et
441 1161 473 1220 in
488 1157 621 1220 Concilio
636 1159 745 1218 Romse
755 1157 787 1216 in
802 1177 890 1216 cause
903 1157 1035 1216 eiusdem
1053 1157 1172 1218 Iosnnis
1187 1159 1367 1239 celebrato,

252 1283 321 1323 oum
337 1264 545 1324 Ottoliomum
561 1268 748 1342 occupasset,
769 1260 869 1338 fugsto
889 1259 997 1320 Ioanne
1020 1269 1051 1319 et
1063 1258 1245 1340 Adelbsrto‚
1266 1262 1363 1326 inter

249 1363 415 1446 Episcopus
439 1365 558 1442 Itsliee,
586 1363 640 1443 qui
656 1359 789 1421 Concilio
817 1361 1035 1439 interfuerunt,
1064 1373 1239 1424 numeretur
1260 1365 1364 1426 Luit-

248 1466 383 1548 prendus
404 1467 569 1547 Episcopus
584 1463 804 1540 Cremonensis,
827 1463 877 1542 qui
898 1473 928 1524 et
946 1464 1077 1524 eiusdem
1094 1465 1213 1525 Ottonis
1232 1466 1268 1526 in
1295 1489 1362 1528 eo-

249 1565 318 1627 dem
331 1577 482 1628 conventu
497 1568 643 1648 interpres
656 1567 726 1627 suit:
748 1546 820 1626 nuru
840 1586 916 1646 ques
930 1569 1001 1628 Otto
1013 1568 1161 1626 saxonice
1177 1565 1282 1646 lingue
1302 1569 1361 1630 lo-

249 1669 405 1748 quebatur,
421 1667 701 1750 bsecLuitprendus
716 1669 921 1730 Cremonensis
938 1669 1104 1751 Episcopus
1120 1668 1225 1729 Lutine
1239 1671 1359 1731 redde.

249 1769 301 1832 bst
326 1773 430 1833 ceteris
455 1773 618 1854 Episcopis.
659 1771 759 1848 Adeo,
788 1781 825 1831 ut
842 1771 897 1832 vix
919 1772 1062 1833 credibile
1079 1771 1234 1849 videatur,
1254 1773 1359 1834 Luit-

250 1867 398 1956 prendum
411 1873 594 1937 dietericum
606 1875 643 1938 de
655 1893 686 1936 ss
699 1873 783 1954 qussi
797 1873 835 1935 ds
847 1873 906 1936 elio
918 1876 1090 1938 locuturum
1103 1875 1204 1952 fuisse,
1225 1875 1252 1935 si
1263 1875 1354 1957 ipse·

247 1986 310 2038 met
330 1977 449 2038 fuisset:
480 1998 549 2040 cum
573 1979 662 2058 longe
683 1976 845 2038 minutiore
863 2043 866 2052 ,
881 1977 919 2038 ds
935 1999 969 2042 se
988 1979 1135 2060 rebusque
1158 1999 1177 2038 e
1196 1998 1229 2040 se
1250 1981 1354 2060 gestis

247 2081 359 2163 absque
375 2081 543 2163 smbegdus
556 2099 787 2143 commemorare
804 2079 907 2146 soiest.
