2786 4620
148 297 206 365 nn
225 295 382 366 exem.
397 293 486 364 sne
505 291 590 363 ule.
611 295 737 364 ruoo.
759 296 820 364 nr
839 297 895 364 10.
916 299 1038 369 rzror.
1082 265 1170 366 stt

57 457 187 520 absum
210 454 342 518 ducitur.
386 452 462 513 Inde
483 453 763 534 Constantinopolin
781 435 904 516 missum
919 476 997 518 suno
1018 459 1155 542 3541).-

58 559 176 635 triciis,
197 577 275 636 quos
295 553 431 638 captivos
445 555 571 635 feceret,
592 555 685 634 detis,
707 555 892 618 Seiteddauls
913 577 982 620 eum
1002 580 1070 622 cum
1091 563 1155 624 aliis

58 656 224 724 redimit.”

85 814 89 824 .
147 761 294 824 abuttsda
305 761 390 822 Tctn.
400 760 438 837 11,
446 781 476 842 p.
484 759 562 829 469:
577 762 710 840 „Eodem
724 759 801 825 esino
815 762 879 838 (ie.
894 782 971 822 enno
985 763 1070 842 suges
1082 765 1155 844 349,

59 865 118 947 qui
131 870 154 931 2
166 865 267 926 nuni
280 864 315 925 L
331 864 363 923 G.
377 868 440 931 960
457 863 566 942 eoepit)
582 863 741 946 impetebat
756 866 942 926 Seiseddeuls
956 865 1155 928 Hemdsnides

58 968 228 1030 Romanum
242 967 385 1028 ditionem
395 983 473 1026 nors
484 964 669 1042 maurosus,
690 967 809 1050 ingente
823 990 893 1032 oum
907 965 1040 1030 exercitu
1044 988 1053 1044 3
1075 967 1156 1029 subi-

59 1071 154 1149 gebet
166 1068 254 1129 urbes
269 1077 298 1128 et
312 1086 410 1143 arces,
431 1066 554 1144 urebat,
576 1072 726 1150 restabat,
747 1074 916 1135 trucidabat
929 1068 1081 1144 homines,
1102 1087 1157 1148 pe-

63 1191 140 1232 cora
168 1178 196 1230 et
223 1170 355 1232 homines
385 1151 536 1248 abigebat,
567 1169 760 1236 Chersienum
784 1172 814 1254 *)
843 1194 940 1255 usque
969 1170 1156 1253 procedebat.

61 1271 126 1330 Sed
137 1270 271 1332 redituro
285 1273 407 1334 domum
419 1270 648 1351 intercipiebant
663 1276 769 1338 Grseci
782 1277 862 1337 viem
874 1297 929 1358 per
941 1274 1044 1356 pylas,
1064 1291 1157 1352 esque

42 1410 45 1426 ι
61 1372 182 1434 ratione
194 1393 257 1434 non
270 1383 387 1434 tentum
401 1393 455 1434 sue
473 1374 687 1454 rccupcrsbsnt
702 1377 819 1454 omniu,
845 1377 935 1436 etism
947 1375 1041 1434 hostis
1059 1375 1160 1456 potis-

63 1473 177 1534 bentur
197 1473 435 1554 impedimentis,
462 1485 492 1536 et
519 1495 608 1554 quem
638 1478 718 1559 passi
739 1479 873 1554 sument,
904 1477 1051 1536 iacturum
1077 1486 1160 1536 tento

65 1575 296 1656 compensabant
314 1577 347 1638 in
367 1576 573 1638 Seifsddaulee
593 1579 695 1660 copies
719 1580 799 1640 adita
819 1589 934 1659 strage,
961 1589 997 1639 ut
1015 1579 1080 1659 ipae
1105 1580 1160 1640 vix

65 1697 135 1736 cunr
158 1679 300 1740 trecentis
322 1680 421 1741 salvus
442 1679 589 1742 erederet.
631 1682 668 1744 Id
681 1682 818 1742 ficturum
836 1681 1045 1761 praeviderent
1058 1699 1159 1742 rerum

64 1778 240 1840 bellicorum
267 1780 451 1862 istorumqus
471 1784 608 1844 locorum
635 1803 691 1846 usu
712 1782 818 1864 periti,
849 1793 1059 1862 suaderentque
1082 1803 1158 1864 pro·

62 1889 166 1963 pterea
185 1883 403 1963 Hsmdsnidse,
432 1886 526 1946 nollet
538 1886 606 1962 vis,
634 1905 692 1965 qus
712 1885 800 1959 isset,
832 1882 935 1944 eedem
949 1884 1054 1946 redire.
1101 1885 1180 1948 Ille.

64 2001 138 2044 vero
163 1996 317 2066 spreverat
337 1986 515 2064 eonsilium,
549 1987 599 2048 sir
622 1987 704 2048 solus
725 1985 783 2044 sibi
802 1985 933 2065 sapiens,
961 1988 1157 2052 monitoribus
1230 2009 1232 2014 ·

64 2105 171 2166 asper,
199 2087 252 2167 qui
269 2089 367 2150 omnis
387 2109 442 2170 por
462 2109 508 2166 se,
526 2088 644 2150 nemine
665 2087 818 2162 consulto,
839 2107 940 2164 gerere
956 2089 1089 2167 volebat,
1109 2111 1157 2170 ne,

66 2187 95 2248 si
110 2189 184 2268 quid
193 2188 239 2250 rei
253 2209 394 2273 prospere
407 2191 592 2270 succederet,
612 2189 647 2252 id
658 2187 898 2251 consiliariorum
909 2190 1082 2272 sapientise,
1094 2213 1157 2256 nou

65 2309 157 2372 sues,
176 2291 400 2372 imputaretur.''

152 2377 264 2454 Hebrus
274 2393 396 2460 bonnus
410 2393 451 2458 ed
466 2393 603 2458 Rhenum
618 2392 667 2454 die
677 2393 720 2460 28
732 2387 821 2452 Iunii.

68 2761 94 2827 1.
115 2759 185 2830 EX
207 2762 458 2835 GREGORII
477 2757 874 2933 Asglplliiggltdffll
895 2759 1158 2832 CHRONIGO
1247 2749 1250 2758 ’

317 3019 376 3092 (cr.
393 3021 435 3078 se
451 3020 556 3078 nnus
571 3024 599 3075 o
614 3017 729 3076 sunu
745 3033 774 3091 ρ,
791 3018 843 3080 197
859 3015 931 3091 ης.)

534 3147 698 3166 m

151 3257 197 3318 Eo
213 3276 289 3318 enno
312 3257 461 3345 (Arabum
474 3257 558 3344 348)
581 3259 634 3342 qui
657 3259 840 3320 Graecorum
863 3259 1021 3332 sat1272,
1042 3263 1160 3315 mortuo

71 3377 138 3438 rege
152 3360 364 3442 Constantino,
384 3384 508 3444 regnare
530 3362 628 3444 eoepit
643 3363 724 3423 filius
740 3361 801 3422 sius
816 3361 982 3433 Romanus,
1003 3355 1055 3437 qui
1075 3377 1161 3417 sena-

71 3451 135 3520 tcui
162 3461 301 3542 virosque
321 3464 474 3547 principes
491 3466 622 3526 multum
639 3463 820 3542 honoravit,
846 3482 915 3541 erge
936 3479 1038 3521 omnes
1065 3470 1162 3520 autem

70 3563 275 3642 magnanimus
302 3565 372 3626 fuit.
420 3566 464 3626 Eo
484 3589 562 3628 enno
584 3566 684 3646 iones,
714 3565 766 3648 qui
788 3565 875 3626 etism
896 3559 1159 3642 Sehumusehchig‚

73 3664 136 3725 dux
153 3666 317 3744 exercitus,
338 3676 369 3728 st
385 3665 588 3751 Nicephorus,
610 3668 806 3744 domesticus,
832 3664 916 3725 missi
935 3661 972 3724 ub
992 3682 1026 3724 eo
1041 3663 1162 3725 intra-

72 3769 144 3830 bum
166 3767 260 3845 fines,
279 3769 429 3850 progressi
445 3779 515 3832 sunt
529 3789 627 3850 usque
641 3769 680 3831 ad
691 3761 834 3846 tenens
849 3765 944 3842 unde,
970 3765 1079 3828 occisis
1101 3769 1163 3832 100

72 3869 217 3931 militibus
224 3913 234 3949 ,
256 3880 287 3931 et
305 3867 436 3931 incensis
454 3872 606 3954 frugibus,
635 3891 702 3932 cum
724 3857 846 3949 triginta
869 3867 996 3952 captivis
1017 3868 1163 3929 abierunt.
1237 3913 1240 3933 .

35 3999 40 4012 ·
73 3971 289 4054 Siphoddeula,
303 3969 408 4031 Helebi
416 3972 525 4050 Enim,
540 3993 608 4034 cnm
622 3977 705 4042 3000
714 3991 855 4053 egrmrnr,
866 3970 1061 4034 Gerschenm
1074 3987 1166 4051 quum

73 4074 272 4156 Pmfflfiffi,
299 4091 489 4156 Permagnam
506 4075 648 4159 praedem
668 4073 739 4138 inde
763 4073 899 4137 abduxit·
941 4072 1064 4148 Redux,
1090 4087 1165 4152 pro-

105 4265 1135 4350 ⁹)t.e0tsrstmm,arteattttontsunseaepropsttslsttnmtas.
