2802 4624
246 269 323 348 632
449 281 488 350 N.
516 281 562 348 Μ.
582 277 781 348 FOGGINss
800 279 1143 352 ADNOTATIONES

247 439 447 522 vituperium,
479 436 638 500 Theodosii
664 437 789 500 consilio
817 459 880 498 non
908 437 1123 500 adversaretur.
1173 436 1224 498 aa
1253 456 1352 498 vom·

247 528 317 588 bulo
342 521 476 608 πόμπιος
496 523 744 604 triumphatorem
759 524 919 603 significari
940 525 1066 602 dixeris,
1087 543 1183 604 quum
1198 524 1255 583 vix
1269 525 1352 582 alius

246 612 406 692 quisquam
435 613 535 690 plures
569 610 846 690 splendidioresque
875 609 1041 688 triumphos
1076 608 1191 686 egerit?
1235 609 1351 668 Verum

249 696 397 776 quidquid
418 695 474 770 sit,
501 694 604 770 locus,
632 695 669 754 de
697 715 758 774 quo
782 716 872 776 supra
901 695 1047 770 diximus,
1073 694 1125 754 HI.
1145 698 1218 761 209.
1245 689 1350 773 Bosa-

236 805 317 858 Ισος,
347 777 380 855 ὃς
400 783 455 842 τοῦ
480 780 615 860 aspectos
640 779 736 860 ἔβαψε
757 777 814 860 τὴν
836 775 985 860 μάχαιραν
1007 779 1040 842 ἐκ
1061 783 1121 841 raia
1147 771 1288 859 sipritus
1313 811 1349 823 -

237 885 348 928 ‚nonne
363 863 515 924 manifeste
533 863 639 940 docet,
660 885 735 924 voce
753 867 884 942 assumtae
904 866 966 924 sive
979 859 1127 944 πόμπιος,
1149 882 1187 923 ex
1202 883 1349 942 quocun.

248 972 304 1031 que
320 949 439 1008 tandem
453 950 535 1009 sonte
550 949 730 1024 manaverit,
752 951 903 1008 Caesarem
917 949 1094 1026 significari,
1116 969 1133 1006 a
1148 949 1246 1007 Bruto
1261 949 1349 1006 occi-

247 1034 335 1096 sum?
357 1035 415 1093 Sed
433 1044 566 1112 superest
587 1035 692 1094 tertius
708 1036 740 1092 in
762 1034 809 1094 his
832 1035 1009 1094 Acroaeibus
1029 1035 1126 1108 loeus,
1150 1033 1202 1111 qui
1224 1053 1347 1092 omnem

246 1119 324 1180 hano
340 1119 378 1180 de
395 1121 517 1180 Caesare
532 1120 701 1199 opinionem
717 1119 836 1179 videtur
851 1128 991 1180 evertere.
1033 1119 1108 1177 Nam
1121 1117 1171 1176 111.
1190 1118 1265 1183 205.
1284 1117 1347 1177 Im-

245 1205 391 1286 peratoris
404 1205 537 1285 potentia
552 1214 581 1263 et
592 1203 752 1284 Nicephori
767 1225 815 1264 res
827 1205 906 1264 hello
920 1214 1017 1283 gestae
1029 1204 1244 1283 praeferuntur
1256 1204 1346 1264 rebus

183 1309 186 1325 ¹
245 1290 335 1368 gestis
354 1299 384 1349 et
403 1290 553 1370 potentiae
572 1309 756 1350 summorum
773 1289 956 1369 antiquitatis
974 1289 1124 1364 virorum,
1145 1307 1276 1366 quorum
1296 1309 1347 1348 re-

245 1393 368 1436 cemum
381 1373 513 1435 instituit
526 1375 620 1434 hunc:
645 1379 762 1456 Κῦρος,
784 1380 926 1456 Δαρεῖος,
948 1379 1096 1457 Κροῖσος,
1117 1373 1149 1434 οἱ
1160 1367 1347 1454 στρατοκρᾶ-

244 1482 312 1533 ται,
335 1464 500 1538 Καῖσαρ,
520 1454 681 1539 Ἄχιλλεύς,
702 1455 855 1522 Μακεδών
868 1459 919 1522 καὶ
934 1461 1121 1540 stupratae.
1163 1457 1227 1516 Iam
1249 1478 1345 1535 quum

244 1545 278 1604 in
292 1543 340 1604 his
361 1545 458 1604 verbis
475 1547 614 1624 Πομπίος
633 1554 881 1604 commemoretur
896 1565 955 1603 uns
976 1565 1044 1602 cum
1068 1543 1210 1619 Caesare,
1233 1553 1343 1622 sponte
1382 1547 1384 1628 J

243 1639 384 1710 apparet,
408 1630 550 1706 Πομπεῖον
571 1648 633 1686 non
659 1629 755 1706 accipi
775 1649 861 1708 posse
884 1651 938 1710 pro
958 1629 1088 1688 Caesare.
1131 1627 1205 1686 Vide
1230 1636 1342 1698 tainen,
1382 1651 1384 1666 ¹

244 1733 332 1794 quam
351 1713 447 1772 alieno
460 1713 529 1772 loco
543 1717 662 1794 Καῖσαρ
680 1723 811 1792 ponatur
825 1715 904 1774 inter
921 1715 1061 1773 Croesum
1078 1722 1108 1772 et
1121 1711 1271 1772 Achillem
1280 1735 1291 1788 3
1315 1723 1341 1771 et

243 1807 388 1875 quantum
405 1798 577 1858 adveniatur
592 1799 693 1858 versui
707 1799 738 1856 in
755 1798 813 1858 hac
828 1799 915 1873 sede,
937 1798 1108 1858 trochaeum
1131 1795 1262 1856 offerens
1284 1819 1339 1878 pro

241 1883 339 1942 iambo
360 1893 411 1941 aut
427 1884 567 1963 spondeo.
609 1883 656 1942 Ob
680 1883 754 1942 duas
772 1884 875 1962 itaque
897 1904 998 1942 causas
1020 1892 1191 1962 suspectum
1215 1903 1337 1957 nomen,
1383 1887 1384 1890 ’

242 1968 292 2026 cui
313 1967 339 2026 si
354 1967 434 2041 Αἴας
450 1968 653 2045 substitueris,
676 1989 777 2028 omnes
795 1969 864 2029 illae
884 1969 1073 2028 difficultates
1088 1959 1288 2043 evanescent,
1311 1977 1337 2026 et

241 2051 332 2112 simul
345 2051 484 2112 historiae
498 2054 668 2113 consuletur
682 2063 712 2112 et
722 2054 832 2116 versui.
874 2055 936 2114 Nec
951 2052 1153 2134 improbabilis
1167 2053 1267 2110 videri
1281 2074 1336 2132 po·

242 2147 302 2196 test
321 2137 508 2212 coniectura,
530 2159 605 2218 quae
620 2160 637 2196 a
650 2139 815 2202 litterarum
835 2139 968 2216 vestigiis
983 2159 1044 2198 noa
1060 2138 1188 2198 multum
1205 2138 1333 2214 recedit,

240 2223 413 2302 piraesertim
436 2243 528 2302 quum
548 2224 580 2283 in
601 2225 728 2299 Codice,
751 2245 789 2284 ox
810 2245 869 2304 quo
891 2224 997 2284 ductae
1013 2224 1170 2294 Acrosses,
1192 2242 1334 2308 versuum

208 2359 210 2369 .
239 2307 324 2366 initia
337 2307 474 2386 plurimis
488 2308 521 2367 iu
535 2309 610 2369 locis
627 2311 668 2368 ita
687 2309 747 2369 sint
760 2309 883 2368 evanida
902 2319 931 2368 et
946 2309 1087 2383 obscura,
1110 2317 1143 2366 ut
1163 2307 1240 2386 quid
1259 2308 1329 2367 scri·

239 2399 325 2472 ptum
339 2392 445 2468 fuerit,
469 2413 532 2452 non
545 2403 693 2473 appareat.
735 2395 795 2454 Nec
811 2396 946 2474 profecto
962 2393 1044 2453 aliud
1060 2413 1166 2452 nomen
1181 2391 1258 2452 huic
1271 2393 1331 2452 sedi

239 2477 490 2536 accommodatius
504 2479 628 2558 reperiri
641 2478 761 2556 poterit.
804 2479 901 2538 Aiacis
917 2478 994 2537 enim
1012 2498 1121 2536 nomen
1135 2486 1164 2534 et
1178 2479 1251 2536 alibi
1265 2499 1329 2536 cum

239 2558 358 2618 Achilla
380 2562 528 2638 iungitur,
558 2572 605 2640 et,
633 2565 715 2646 quod
735 2564 773 2624 ad
785 2574 919 2624 nostrum
935 2563 1084 2641 negotium
1101 2563 1188 2620 msice
1204 2563 1330 2635 facit,a
1382 2551 1383 2560 ¹

237 2643 403 2704 Theodosio
417 2646 484 2725 ipso
499 2647 521 2709 l.
534 2649 584 2712 37.
613 2649 704 2723 Αἴας,
726 2642 886 2729 bipatente,
905 2643 1072 2720 Ὀδυσσεύς.
1102 2648 1131 2704 si
1148 2647 1216 2725 quis
1233 2657 1329 2704 tamen

237 2737 333 2788 totam
349 2728 427 2788 hano
445 2729 481 2788 ds
498 2732 643 2790 vocabulo
666 2738 798 2812 πομπίος
813 2755 836 2794 s.
851 2728 978 2812 πόμπεος
994 2731 1226 2811 disputationem
1244 2731 1327 2788 nimis

235 2813 383 2874 lubricam
395 2834 456 2875 esee
472 2814 592 2893 dixerit,
615 2838 676 2876 non
692 2819 821 2878 multum
835 2818 1007 2896 refragabor
1020 2817 1167 2896 equidem,
1188 2817 1325 2894 gratiam-

233 2919 294 2977 que
313 2897 442 2976 habebo,
464 2899 491 2960 si
507 2899 572 2979 quis
587 2901 791 2980 difficultates,
814 2925 889 2983 quae
900 2904 1005 2962 insunt
1025 2923 1093 2962 curu
1109 2903 1141 2960 in
1156 2902 1252 2960 sorma
1270 2923 1324 2960 no-

234 2983 323 3044 minis
337 2986 476 3064 Πομπίος
495 3005 552 3066 pro
569 2982 730 3068 Πομπήϊος
745 2989 875 3070 accepti,
896 2999 962 3048 tum
980 2989 1014 3047 ia
1028 2985 1170 3064 historia,
1192 2987 1323 3046 faciliora

232 3069 350 3128 ratione
363 3071 496 3132 solverit.
521 3073 555 3132 F.
569 3071 606 3152 1.]
1144 3081 1147 3092 “

317 3157 367 3220 19.
389 3151 436 3217 aa*
455 3153 488 3219 δὲ
504 3162 625 3220 κτυπῶν
645 3151 780 3238 Ὅμηρε]
808 3155 992 3216 Theodosius
1012 3155 1175 3215 Homerum
1197 3155 1319 3232 incusat

232 3236 315 3313 quod
327 3237 361 3295 ia
374 3239 465 3300 Iliade
478 3242 575 3300 omnia
588 3263 644 3321 pro
658 3242 755 3301 lubito
769 3262 823 3300 suo
839 3242 1002 3302 confinxeri
1007 3253 1032 3315 t,
1055 3240 1189 3318 nihilque
1205 3241 1244 3300 de
1255 3261 1319 3299 vera

230 3319 337 3378 Troiae
362 3319 488 3384 historia
513 3326 675 3407 scripserit.
718 3327 873 3386 Obiecerat
894 3327 953 3387 hoc
975 3327 1104 3386 Homero
1130 3325 1245 3383 crimen
1266 3324 1319 3384 iam

230 3411 316 3462 antea
331 3404 386 3464 Dio
400 3407 625 3486 Chrysostomus
641 3413 723 3475 Orat.
739 3411 792 3488 XI,
814 3433 901 3491 quam
913 3421 1008 3472 totam
1022 3411 1059 3468 ad
1071 3411 1235 3470 Homerum
1246 3430 1318 3468 con-

229 3486 401 3548 vicianduua
426 3494 633 3570 concinnavit,
663 3497 713 3554 ubi
736 3497 814 3556 iuter
838 3507 936 3557 cetera
953 3501 1045 3558 ταῦτα
1069 3495 1101 3558 ds'
1123 3518 1174 3572 μοι
1200 3495 1318 3578 εἴρηται,

226 3571 327 3651 inquit
349 3577 507 3652 pag.157‚
534 3573 632 3659 ὅσπερ
653 3577 714 3660 ἤδη
733 3581 826 3662 ἔφην,
855 3576 893 3644 oo’
910 3581 1088 3664 κατηγορίας
1108 3579 1226 3656 ἕνεκεν,
1254 3571 1318 3641 ἄλλ’

226 3650 273 3718 ὅτι
287 3651 493 3737 detorsimus
507 3651 547 3741 ἦν
563 3657 736 3747 ἀνθρώπων
755 3661 830 3746 mode
844 3662 879 3729 ro'
900 3669 1016 3746 ψεῦδος
1027 3661 1179 3769 Ὅμηρος·
1200 3663 1253 3726 καὶ
1268 3658 1318 3744 οὔχ

170 3777 174 3788 .
225 3735 324 3818 ἥσσων
350 3738 474 3824 iusidias
495 3746 545 3809 sat
567 3745 741 3831 ἐσεμνύνετο
762 3751 811 3814 ἐπὶ
830 3755 875 3836 spi
899 3744 1072 3831 ψεύδεσθαι
1091 3775 1111 3829 η
1136 3751 1179 3832 τῷ
1200 3743 1318 3827 τάληθῆ

223 3823 338 3905 λέγειν·
360 3822 438 3890 οὕτω
456 3825 513 3911 peip
527 3841 690 3904 σκοποῦσιν
705 3829 801 3898 odeis
819 3835 862 3897 ἔτι
878 3839 1025 3915 φαίνηται
1036 3827 1209 3915 παράδοξον
1215 3878 1225 3908 ,
1248 3827 1317 3896 ou’di

221 3905 366 4010 ἄπιστον,
386 3917 446 3976 τῶν
461 3909 520 3978 u‘rs'
536 3917 613 3997 ἐμοῦ
627 3919 840 3996 δεικνυμένων·
863 3915 936 3984 ss’ttd
951 3917 1060 4002 σμικρὰ
1074 3916 1126 3982 καὶ
1139 3911 1317 4000 ἅνθραίεεεεα

221 4007 381 4075 deuouere
398 3994 473 4080 πρὸς
489 4006 561 4062 θεῖα
582 4001 633 4064 καὶ
653 3998 771 4082 μεγάλα.
814 4009 912 4066 Porro
934 4007 1009 4066 liaeo
1028 4029 1049 4064 a
1066 4026 1111 4062 me
1127 4001 1214 4060 dicta
1235 4014 1314 4078 suin,

219 4079 472 4163 qrsemudmodum
487 4083 561 4160 dixi,
584 4108 645 4144 non
658 4088 825 4148 accusandi·
835 4095 954 4170 gratia,
974 4090 1029 4150 sed
1039 4087 1211 4160 indicandi,
1233 4087 1317 4168 quod

220 4162 449 4224 audacissimus
475 4168 633 4228 dominum
650 4173 747 4244 suerit
767 4173 812 4230 ad
828 4176 987 4254 nsendpce'a
1000 4179 1174 4236 Homerus:
1204 4185 1232 4231 et
1252 4196 1312 4233 nors

217 4247 320 4303 σείσαε
345 4249 496 4328 cossfidena
515 4265 544 4312 et
571 4254 776 4315 iactabundus
795 4261 829 4317 in
847 4260 1016 4321 mendaciis
1035 4255 1188 4332 dicendis,
1217 4279 1312 4338 quam
