2802 4624
249 311 325 390 546
447 321 487 391 Ν.
507 321 554 392 hl.
574 319 776 389 FOGGINII
796 311 1142 387 ADNO‘I'ATIONES

336 480 407 550 1453
426 473 516 562 Ἰδού]
533 479 648 540 Eadem
670 499 709 539 ex
728 498 818 539 cansa
840 475 931 538 huius
944 476 1033 546 etiam
1047 475 1132 538 verbi
1147 474 1265 558 primas
1280 486 1351 536 tan-

253 577 320 630 rum
330 568 445 628 litteras
458 565 558 626 innuit
572 565 736 626 Cornelius.

342 653 412 721 152.
426 657 498 732 ’Ῥῆς
515 645 602 734 Ἀγᾶρ
613 649 714 731 τέκνα]
739 646 864 727 Agar-eni
882 645 1013 720 scilicet,
1040 645 1083 704 ita
1098 645 1188 722 dicti,
1210 645 1296 728 qnod
1316 645 1351 705 ab

256 739 380 802 Ismaile
400 736 612 798 descenderent
637 733 701 794 lilio
727 733 805 812 Agar
826 732 951 792 ancillae
972 731 1124 809 Abrahae,
1154 751 1246 810 quam
1275 732 1351 812 ipse,

257 825 447 908 permittente
459 824 547 898 Sars,
568 821 657 880 duxit
667 820 699 878 in
714 818 879 897 coniugem.
922 816 1101 876 Huiusmodi
1117 818 1249 896 populos
1264 817 1351 876 etiam

257 919 371 971 veteres
395 916 616 984 cognoverunt:
646 906 793 983 Agarenos
820 903 899 962 enim
922 912 1085 961 memorant
1105 921 1205 961 sacrae
1224 902 1352 980 Psginsa

257 995 362 1057 Psalm.
389 991 540 1052 LXXXII.
564 1011 593 1051 r.
617 995 646 1056 6.
674 1009 731 1049 nec
760 1007 822 1047 non
847 987 961 1046 Plinius
985 987 1037 1047 lib.
1061 987 1109 1046 VI.
1132 1007 1197 1067 cap.
1218 991 1272 1053 28.
1302 987 1354 1067 qui

257 1077 396 1141 Arabiam
416 1077 545 1136 Felicem
560 1075 706 1135 habitasse
723 1071 814 1147 dicit,
837 1081 867 1131 et
885 1073 992 1132 Strabo
1016 1071 1068 1131 lib.
1085 1071 1178 1132 XVII.
1196 1092 1266 1152 pag.
1280 1073 1351 1138 528.

256 1164 308 1244 qui
323 1163 404 1242 ipsos
418 1161 592 1222 Nabathaeis
608 1159 752 1237 adiungit.
794 1157 1018 1218 Observandum
1029 1168 1146 1232 umen,
1168 1157 1254 1236 quod
1277 1161 1351 1233 Aga-

255 1267 398 1310 ranorum
415 1267 525 1307 nomen
540 1267 556 1306 a
571 1243 784 1306 recentioribus
799 1243 996 1322 scriptoribus
1015 1241 1115 1300 latiori
1131 1242 1220 1300 modo
1239 1241 1279 1300 ad
1297 1241 1352 1300 de-

256 1332 416 1411 signandos
444 1351 545 1392 omnes
576 1331 788 1407 cuiuscumque
825 1327 953 1404 regionis
981 1328 1092 1394 Arabas
1123 1347 1158 1384 sc
1184 1330 1351 1386 Saracenos

254 1427 433 1500 usurpatum
447 1417 515 1478 luit.
558 1415 661 1494 Agraei
677 1414 763 1474 etiam
781 1413 802 1470 ii
821 1415 986 1493 nuncupati
1003 1421 1184 1489 occurrunt,
1205 1412 1243 1470 ab
1263 1413 1348 1490 Agar,

254 1504 331 1568 urhe
342 1503 465 1563 Arabiae
480 1503 614 1561 Petrossa
629 1499 779 1581 principe,
804 1497 852 1555 oui
877 1497 1000 1558 eandem
1017 1498 1094 1576 Agar
1111 1495 1249 1557 Abrahae
1269 1519 1349 1558 uxo·

257 1609 322 1651 rem
335 1607 444 1647 nomen
460 1585 575 1646 dedisse
591 1583 776 1644 contendunt
786 1583 937 1644 nonnulli.
983 1641 986 1647 ,

336 1697 406 1760 161.
431 1695 491 1766 Τῆς
509 1691 607 1770 φυγῆς
621 1685 643 1765 η’
656 1688 754 1768 ζημία]
776 1687 891 1749 Hence
907 1688 1075 1772 Nicephoro
1091 1688 1223 1748 habitam
1239 1688 1279 1747 ad
1291 1687 1348 1746 mi-

255 1777 323 1838 lites
346 1776 554 1835 allocutionem
573 1771 676 1830 nullus
695 1793 733 1832 ex
756 1774 893 1850 Graecis,
917 1775 969 1853 qui
988 1774 1086 1837 adhuc
1106 1783 1238 1848 restant,
1261 1772 1347 1832 huius

256 1860 455 1940 expeditionis
470 1855 664 1936 scriptoribus
677 1867 820 1923 recenset.
863 1861 953 1919 Plura
967 1869 1066 1919 tamen
1081 1858 1129 1918 his
1144 1858 1254 1918 similia
1270 1867 1346 1933 sunt,

255 1965 330 2024 quae
349 1946 510 2005 allocutum
528 1961 589 2001 esse
601 1941 804 2023 Nicephorum
827 1943 865 2002 ad
881 1945 990 2004 milites
1007 1946 1065 2003 alia
1084 1945 1242 2004 occasione
1257 1945 1347 2004 relert

225 2043 230 2060 ¹
253 2027 442 2110 Theophanis
468 2029 664 2088 Continuator
694 2047 860 2107 anonymus
895 2031 928 2089 in
953 2031 1037 2092 Ilom.
1064 2029 1131 2090 lun.
1164 2049 1249 2088 num.
1279 2028 1345 2088 XII.

253 2133 322 2196 pag.
345 2119 422 2202 299.1
444 2133 482 2172 ex
509 2131 565 2190 qua
589 2111 663 2172 haec
682 2113 720 2172 ad
739 2134 802 2173 rem
824 2123 955 2174 nostram
976 2115 1095 2194 accipe:
1124 2108 1280 2194 Λιὶβωμεν
1301 2114 1345 2174 ssl-

254 2219 319 2262 στιν
335 2197 391 2279 τήν
405 2202 466 2262 τῶν
482 2193 584 2277 φόβων
596 2193 794 2280 praedantes·
816 2193 1066 2280 ἅναλογισιῦμεθα
1086 2195 1132 2262 ’ὅτι
1154 2199 1244 2262 ἔνδον
1261 2195 1345 2278 ἐσμὲν

252 2288 308 2364 τῆς
324 2287 477 2365 Συριακῆς
497 2276 610 2362 νήσου·
621 2281 723 2363 ’μέγαν
737 2284 879 2346 κίνδυνον
895 2280 1011 2366 deoysi
1026 2277 1085 2346 eiad
1098 2289 1159 2347 τῶν
1178 2276 1237 2346 eide
1251 2283 1343 2364 φέρει.

253 2367 360 2428 Iidem
378 2370 582 2448 arripiamus,
604 2387 681 2446 quae
697 2370 818 2426 timores
826 2371 965 2446 perimit:
987 2373 1089 2436 animo
1106 2379 1280 2448 reputemus
1293 2389 1343 2426 nos

253 2456 287 2511 in
301 2456 431 2530 Syriaca
446 2454 550 2510 irasula
564 2453 690 2514 versari.
734 2453 845 2533 Ingens
853 2454 1028 2533 periculum
1048 2466 1107 2533 est,
1128 2458 1157 2513 si
1170 2453 1344 2534 indesuge·

252 2559 359 2596 remus.

338 2625 408 2687 166.
431 2615 505 2693 Θεδς
525 2614 594 2702 γάρ]
621 2621 700 2682 Haec
722 2623 809 2683 etiam
836 2645 852 2682 a
873 2624 1021 2703 praefata,
1045 2643 1134 2702 quarn
1155 2620 1342 2703 Theophanis

253 2706 448 2766 continuator
460 2705 584 2783 recitat,
606 2707 788 2768 allocutione
803 2709 1008 2783 illustrantur;
1031 2709 1072 2768 ibi
1095 2709 1172 2768 enim
1190 2709 1235 2767 sic
1253 2708 1341 2766 Nice·

134 2811 165 2865 p,
183 2813 235 2869 335
246 2789 367 2872 ¹pharus
380 2790 530 2869 loquitur:
551 2795 675 2872 Στιῖμεν
686 2793 737 2854 καὶ
749 2787 975 2876 ιιαρτερήσωμεν
987 2795 1028 2868 εἰς
1040 2787 1272 2876 ἀντιπαράταξιν
1283 2797 1339 2854 ταῖν

148 2880 235 2941 coll
254 2869 392 2956 ἇρνητιῖν
406 2880 461 2937 τοῦ
478 2879 625 2956 Χριστοῦ,
647 2875 698 2938 καὶ
716 2874 844 2958 Χριστὸς
859 2875 875 2941 ὅ
890 2875 964 2957 Geir
986 2873 1161 2961 συνεργήσει
1180 2875 1270 2958 ἡμῖν,
1291 2875 1337 2940 sol

253 2955 345 3024 ὀλέσει
364 2955 436 3034 τούς
451 2956 580 3043 tripode
594 2958 699 3042 ἡμῶν,
721 2961 772 3024 καὶ
789 2957 976 3044 noestam
996 2961 1029 3028 τὸ
1051 2957 1337 3044 stupescentes

251 3039 349 3121 (dtur
368 3049 424 3108 τοῦ
448 3049 589 3126 Χριστοῦ.
639 3048 758 3105 Stemus
788 3047 933 3128 intrepidi
954 3045 1143 3129 aduersaque
1162 3051 1227 3106 acie
1249 3048 1336 3107 Chri·

251 3142 334 3190 etum
360 3141 502 3210 negantes
530 3127 666 3209 infideles
687 3131 832 3192 audacter
857 3145 1056 3212 appetamus,
1082 3137 1162 3212 seret
1184 3136 1335 3212 suppetias

254 3215 396 3275 Christus
406 3217 495 3274 Deus
509 3226 626 3292 noster,
645 3216 801 3297 hostesque
810 3220 1007 3298 profligabit,
1029 3242 1067 3280 ac
1084 3219 1281 3299 superborum
1295 3219 1335 3275 ei·

251 3320 308 3378 que
319 3301 538 3358 insultantium
553 3298 697 3380 oppidum
710 3323 867 3382 arcemque
881 3303 990 3364 diruet.

330 3385 406 3471 1'69.
431 3401 641 3487 Τειχισμᾶτων]
665 3407 713 3466 Sic
736 3418 817 3469 recte
838 3409 954 3486 Codex,
978 3409 1064 3490 quod
1082 3409 1223 3472 mendose
1246 3408 1335 3472 editt

249 3487 401 3549 Cornelius
410 3534 419 3567 ,
442 3493 496 3552 etsi
508 3489 550 3551 ita
564 3513 626 3552 esse
643 3495 860 3554 emendandum
876 3495 1037 3560 adnotavit

244 3645 247 3649 Α
333 3599 403 3662 172.
425 3591 547 3680 Χάριν]
571 3603 737 3660 Stationem
761 3601 893 3678 scilicet,
921 3623 974 3663 ssu
994 3602 1117 3681 sedem„
1137 3603 1170 3664 in
1192 3623 1251 3684 qua
1263 3612 1335 3663 tune

248 3679 310 3751 dies
332 3682 518 3746 consistebat.
560 3687 719 3764 Eleganter
736 3696 832 3745 autem
848 3687 927 3746 dixit
942 3687 1019 3748 diam
1034 3689 1133 3749 sedem
1151 3691 1270 3749 tertiam
1281 3688 1334 3748 ha·

170 3787 174 3798 ·
247 3763 360 3843 buisse,
382 3775 417 3826 ut
430 3765 533 3829 horam
547 3770 640 3852 ipsius
653 3771 772 3831 tertiam
786 3769 941 3834 iudicaret

332 3873 402 3940 174.
422 3872 473 3949 Ὦς
487 3872 612 3958 ὄνειδος]
635 3879 799 3938 Turcarum
819 3898 931 3938 morem
953 3879 1023 3940 satis
1042 3889 1148 3950 notum
1166 3879 1263 3960 tangit
1284 3901 1335 3940 ra·

246 3955 336 4017 dandi
351 3959 407 4018 sihi
424 3962 531 4040 capita.
574 3964 663 4037 Quod
679 3973 777 4022 sutem
793 3963 892 4041 addit,
915 3961 955 4038 sir
979 3961 1108 4042 ὄνειδος,
1136 3966 1336 4024 Romanorum

246 4041 485 4123 Graecorumque
511 4069 624 4107 morem
652 4049 788 4127 respicit,
817 4050 898 4128 apud
925 4069 999 4127 quoa
1022 4051 1132 4110 vilibus
1154 4059 1183 4108 et
1204 4049 1335 4127 ignomi-

242 4127 334 4187 niosis
354 4127 523 4191 hominibus
547 4133 645 4213 capita
665 4133 854 4194 radebantur.
905 4133 947 4192 De
974 4135 1068 4195 serris
1089 4147 1180 4214 atqua
1200 4133 1239 4192 ad
1259 4153 1334 4213 opus

241 4213 396 4286 publicum
414 4215 561 4278 damnatis
581 4219 624 4278 ita
642 4218 847 4278 Artemidorus
869 4217 1047 4283 Oneiroerit.
1069 4219 1119 4284 lib.
1137 4221 1160 4278 l.
1188 4239 1253 4300 cap.
1275 4225 1333 4286 222

234 4289 393 4378 Ὀτιότερσν
425 4295 460 4362 d'
482 4297 522 4364 dv
550 4307 605 4384 τῆς
631 4307 766 4386 κεφαλῆς
786 4299 880 4383 uelde
901 4303 959 4385 ἔχει
982 4302 1028 4382 τις
1050 4301 1107 4369 osis
1129 4299 1175 4368 eir
1197 4301 1331 4369 sv’esset·
