2786 4620
236 297 313 373 322
572 297 806 367 NlCEPHORI
826 297 1006 366 PHOCAE

239 465 441 557 κληροδοσίας
462 461 605 548 ἅκίνητον
625 469 732 566 tripu
754 463 785 528 έν
807 461 932 547 χωρίοις
951 459 979 546 ἢ
996 459 1143 548 ἇγριδίοις
1165 455 1337 548 είληφέτεςρ

239 568 430 656 ίξωνήσαντο
449 567 483 633 δέ
504 567 584 650 μετὰ
603 571 705 631 ταῦτα
723 564 785 631 ἀπὸ
807 571 869 630 τῶν
891 571 1087 649 σογχωριτῶν
1103 563 1207 630 αὐτῶν
1222 561 1340 653 σμικροί

238 702 308 745 τινα
327 676 379 740 καί
402 670 545 756 ὀλιγοστιὶ
558 665 667 748 riusa,
697 669 729 734 έν
749 664 795 744 οἷς
813 663 965 750 οἰκήματα
980 663 1134 752 πολύτιμα
1144 670 1195 733 καί
1210 666 1337 753 ἀπειρο-

238 779 354 865 μεηέθη
378 775 533 857 {diepam
543 821 555 855 ,
584 777 711 836 πλεῖστα
732 773 775 846 είς
796 769 1000 854 ἇνοικοιίομὴν
1015 769 1118 836 αὐτῶν
1138 767 1338 852 καταβαλλό-

238 900 340 965 μενοι·
366 881 429 944 δεῖν
443 874 590 966 ᾠήθημεν
601 874 645 958 μὴ
661 874 713 940 διὰ
728 873 768 938 τὰ
780 871 895 960 σμικρὰ
908 878 1008 938 ταῦτα
1021 875 1071 938 καί
1085 873 1229 958 ὀλιγοστιλ
1242 869 1357 939 rrimus

240 981 509 1068 καταστρέφεσθαι
530 979 586 1055 τὰς
609 976 659 1042 ἐπ’
685 976 791 1052 αὐτοῖς
811 977 1003 1060 ὄσμηθείσας
1020 975 1270 1063 ’ἅπειρομεηέθιις
1286 979 1338 1042 καί

238 1189 295 1272 μέν
311 1186 384 1262 τούς
394 1183 598 1272 πεπρακότας,
627 1182 708 1268 είιιερ
724 1183 756 1248 ἓν
771 1191 835 1258 τοῖς
852 1183 943 1261 ζῶσιν
957 1181 1042 1262 εἰσίν,
1070 1181 1147 1267 iliu)
1163 1180 1261 1248 ὄντων
1278 1181 1337 1248 αὖ-

239 1297 320 1370 orio,
348 1288 421 1364 τούς
437 1286 555 1354 τούτων
578 1282 787 1374 κληρονόμους
806 1284 827 1370 ἢ
844 1281 1129 1370 συγκληρονέμοας,
1156 1288 1285 1350 διπλοῦν
1300 1284 1337 1350 τὸ

240 1392 337 1460 ποσὸν
361 1397 417 1456 τοῦ
440 1391 691 1474 καταβληθέντος
711 1385 883 1472 τιμήματος
889 1386 948 1471 ,vll
972 1394 1029 1472 γῆν
1052 1391 1251 1469 διπλασίονα,
1281 1393 1336 1471 τῆς
1344 1395 1375 1449 10

240 1495 336 1580 αὐτῆς
358 1500 420 1560 τῶν
439 1495 639 1576 πεπραμένων
654 1489 878 1574 ποιότητοςκαί
892 1487 1064 1574 ποσότητος
1086 1484 1199 1556 οὖσαν·
1227 1493 1278 1556 καί
1289 1491 1335 1574 μὴ

240 1598 476 1685 ἀποστερεῖσθαι
498 1595 570 1672 sotir
585 1593 776 1682 ἠγορακότας
791 1602 854 1660 τῶν
873 1595 960 1659 ίιίίων
974 1591 1206 1680 ίμπονημιίτων.

685 1767 889 1786 ψ

666 1883 703 1943 Ν
706 1883 848 1942 ΕΑΡᾹ
866 1873 901 1958 ς’,

187 2065 191 2074 .
239 2002 414 2086 βοηθοῦσα
439 2002 508 2076 τοῖς
532 1994 787 2083 ἐξανησαμένοις
805 1993 870 2079 ιιρό
897 1997 960 2063 τοῦ
979 1998 1100 2080 καιροῦ
1119 1997 1178 2082 τῆς
1201 1991 1334 2074 ἐνδείας.

308 2143 387 2209 Ἐπεί
401 2139 420 2226 ἦ
434 2148 495 2207 τῶν
508 2138 736 2228 τεσσαράκοντα
743 2136 864 2226 χρόνων
873 2141 1072 2229 παραδρομὴ,
1085 2140 1268 2226 ἀνέγκλητος
1277 2141 1333 2222 μέν

240 2248 291 2312 καί
306 2242 797 2332 ἅνεπιιρώνητοςπαραίραμοῦσα,
815 2243 850 2308 τὸ
860 2245 977 2310 δίκαιον
987 2241 1170 2331 ἕπεβροίβενε
1180 2242 1334 2318 τοῖςτὰέκ

165 2375 168 2384 ·
238 2356 301 2414 τῶν
320 2355 516 2434 στρατιωτῶν
527 2335 762 2433 προσκτηθέντα
773 2347 954 2429 κατέχουσι,
981 2347 1218 2432 περικοπτομένη
1234 2347 1268 2409 δὲ
1283 2343 1334 2410 διὰ
1343 2351 1369 2407 15

238 2457 302 2516 τῶν
319 2448 550 2535 έπαρωνήσεων,
579 2452 628 2514 καί
644 2449 869 2528 ιίναποιίίζοιισα
877 2497 888 2532 ,
917 2450 967 2514 καί
981 2449 1055 2525 τούς
1069 2449 1128 2536 πρὸ
1148 2455 1203 2532 τῆς
1219 2449 1335 2523 ένιίείοις

237 2551 295 2627 τὰς
309 2549 474 2633 ἐπικτήσεις
487 2552 709 2636 ποιησαμένους
723 2549 868 2638 έβιίριινε,
896 2554 947 2618 καί
962 2551 1201 2640 ἀποστερεῖσθαι
1215 2548 1333 2618 τοιίτων

306 2695 348 2752 13.
367 2689 598 2765 ἆνερκίήτιοςμίν
610 2694 658 2750 καί
669 2693 893 2766 ἄνειτιφτονὴτως.

236 2832 397 2888 haereditate
410 2833 592 2903 possessionem
604 2831 735 2902 quamdam
743 2833 768 2887 in
777 2835 854 2887 rebus
862 2834 910 2888 soli
922 2834 1092 2898 constitutam,
1099 2833 1221 2888 videlicet
1231 2831 1259 2886 in
1272 2832 1332 2886 iun·

236 2904 277 2956 dis
291 2912 337 2956 aut
349 2903 434 2977 agris,
452 2904 577 2971 adeptae3
596 2911 686 2972 postes
699 2903 839 2973 perexigua
853 2905 1001 2974 minutaque
1016 2903 1071 2958 loca
1090 2904 1214 2986 quaedam
1229 2920 1245 2954 a
1259 2903 1331 2955 riua-

234 2973 290 3026 neis
303 2979 431 3036 emerunt,
448 2971 580 3039 inquibus
596 2972 721 3041 pretiosas
737 2981 764 3025 et
782 2974 918 3026 immensae
937 2973 1119 3042 magnitudims
1136 2972 1211 3024 villas
1230 2981 1332 3024 exstran-

233 3049 342 3105 xerunt,
360 3041 473 3112 plurimis
489 3041 516 3092 iu
530 3059 616 3092 aarum
628 3049 780 3101 structuram
793 3041 926 3110 expensiss
946 3043 1048 3094 niinime
1063 3041 1266 3095 committendum
1280 3059 1330 3110 pu-

233 3113 359 3172 tavimus,
378 3117 407 3162 ut
429 3117 534 3179 propter
552 3111 634 3161 istaec
657 3109 750 3177 exigua
767 3110 913 3181 minutaque
934 3112 990 3162 loca
1007 3110 1082 3163 villae
1095 3111 1277 3180 magnitudinis
1289 3110 1330 3161 in-

232 3179 321 3232 finitae
335 3197 365 3232 ac
379 3181 522 3248 pretiosae,
541 3196 607 3247 quae
622 3177 646 3229 in
665 3179 704 3231 eis
719 3187 866 3232 exstructae
883 3187 957 3243 sunt,
974 3179 1122 3232 diruantur:
1139 3179 1186 3230 aed
1203 3196 1250 3247 pro
1265 3179 1329 3232 locis

232 3247 364 3300 distractis
373 3248 527 3310 venditores,
544 3247 668 3316 siquidem
682 3247 765 3300 adhuc
777 3247 931 3317 superstites
943 3256 1008 3311 sunt,
1025 3257 1070 3300 ant
1083 3249 1146 3317 ipsis
1160 3265 1210 3300 uon
1223 3257 1330 3300 exstan-

231 3314 309 3377 tibus,
321 3333 406 3368 eorum
416 3317 538 3369 haeredes
550 3317 592 3368 vel
601 3317 767 3380 cohaeredes,
780 3318 881 3387 duplam
889 3318 966 3371 soluti
978 3317 1053 3385 pretii
1061 3335 1179 3370 sunmiam
1189 3318 1330 3388 accipiant,

232 3389 279 3434 aut
291 3382 392 3450 duplum
405 3391 499 3448 terrae,
512 3400 577 3454 quae
589 3395 641 3436 tum
654 3385 791 3454 qualitate,
808 3394 861 3438 tum
877 3387 1021 3455 quantitate
1035 3395 1128 3440 terram
1141 3387 1270 3440 venditam
1284 3403 1330 3438 ae·

230 3457 308 3570 quet:
325 3469 372 3503 nec
388 3453 440 3502 suis
456 3454 575 3522 expensis
589 3461 707 3517 emtores,
724 3470 789 3523 quas
804 3455 891 3516 adres
908 3455 1035 3510 ornandas
1050 3463 1077 3509 et
1089 3454 1257 3526 pretiosiores
1268 3455 1328 3508 red·

250 3518 327 3572 endas
341 3519 517 3586 contuleruut,
533 3521 694 3575 fraudentur.

666 3669 872 3684 ΙΙ--ιι-

626 3762 844 3824 novaana
865 3765 923 3844 vr,

312 3897 393 3957 quae
405 3877 543 3940 subvenit
558 3882 616 3959 iis,
639 3883 696 3962 qui
716 3893 787 3940 ante
798 3887 946 3962 penuriae
968 3897 1084 3967 tempus
1099 3897 1241 3946 emerunt.

295 4007 506 4094 Quandoquidem
518 4027 638 4067 umorum
652 4013 823 4086 quadraginta
845 4016 971 4084 spatium,
1007 4018 1056 4071 uod
1071 4019 1138 4072 citra
1151 4019 1282 4088 quereiam
1301 4023 1328 4073 at

226 4079 391 4132 attestatione
404 4079 473 4132 nulla
480 4083 667 4138 interveniente
675 4085 835 4148 στασιασταί,
854 4035 1044 4155 ροειοιιοτίίιαι
1057 4105 1145 4141 sorum
1152 4089 1327 4158 praediorum,

225 4163 292 4216 quae
304 4164 320 4199 a
334 4148 458 4201 militibus
478 4154 545 4204 emta
556 4159 627 4219 aunt,
644 4155 686 4206 ius
702 4169 775 4204 auum
793 4155 900 4218 tribuit3
917 4156 1035 4225 idemque
1048 4157 1070 4208 si
1084 4175 1132 4226 per
1144 4157 1328 4210 attestationes

224 4213 433 4286 interrumpatur,
446 4235 477 4271 ac
487 4235 538 4273 non
547 4221 678 4289 procedat,
691 4221 768 4276 etiam
776 4220 844 4284 illos,
872 4223 965 4277 uisate
972 4225 1094 4294 penuriae
1103 4233 1203 4295 tempus
1211 4225 1327 4296 aequisi-

224 4298 286 4336 vsrs
298 4286 413 4355 praedia,
425 4303 606 4359 saepenumero
611 4291 740 4360 merant,
754 4291 821 4344 etiis
829 4297 858 4344 ut
907 4294 1056 4360 aduruntur,
1068 4293 1173 4359 eliacim
1186 4294 1325 4348 domnallo
