<?xml version="1.0" encoding="UTF-8"?>
<!DOCTYPE html PUBLIC "-//W3C//DTD XHTML 1.0 Transitional//EN"
    "http://www.w3.org/TR/xhtml1/DTD/xhtml1-transitional.dtd">
<html xmlns="http://www.w3.org/1999/xhtml" xml:lang="en" lang="en">
 <head>
  <title>
</title>
<meta http-equiv="Content-Type" content="text/html;charset=utf-8" />
  <meta name='ocr-system' content='tesseract 3.04.00' />
  <meta name='ocr-capabilities' content='ocr_page ocr_carea ocr_par ocr_line ocrx_word'/>
</head>
<body>
  <div class='ocr_page' id='page_1' title='image "./leonisdiaconica00theogoog_0454.png"; bbox 0 0 2788 4616; ppageno 0'>
   <div class='ocr_carea' id='block_1_1' title="bbox 236 321 967 398">
    <p class='ocr_par' dir='ltr' id='par_1_1' title="bbox 236 321 967 398">
     <span class='ocr_line' id='line_1_1' title="bbox 236 321 967 398; baseline -0.003 -4"><span class='ocrx_word' id='word_1_1' title='bbox 236 321 311 395; x_wconf 80' lang='lat'><strong>406</strong></span> <span class='ocrx_word' id='word_1_2' title='bbox 569 325 608 396; x_wconf 77' lang='grc'><strong>0.·</strong></span> <span class='ocrx_word' id='word_1_3' title='bbox 625 327 661 398; x_wconf 87' lang='grc' dir='ltr'><strong>Β.</strong></span> <span class='ocrx_word' id='word_1_4' title='bbox 681 322 796 397; x_wconf 78' lang='lat' dir='ltr'><strong>nasu</strong></span> <span class='ocrx_word' id='word_1_5' title='bbox 817 321 967 396; x_wconf 82' lang='lat' dir='ltr'><strong>NOTAE</strong></span> 
     </span>
    </p>
   </div>
   <div class='ocr_carea' id='block_1_2' title="bbox 110 473 1391 4365">
    <p class='ocr_par' dir='ltr' id='par_1_2' title="bbox 233 473 1322 651">
     <span class='ocr_line' id='line_1_2' title="bbox 236 473 1322 568; baseline -0.008 -20"><span class='ocrx_word' id='word_1_6' title='bbox 236 487 396 568; x_wconf 85' lang='lat' dir='ltr'><strong>composita</strong></span> <span class='ocrx_word' id='word_1_7' title='bbox 411 504 449 548; x_wconf 84' lang='lat' dir='ltr'><strong>ex</strong></span> <span class='ocrx_word' id='word_1_8' title='bbox 465 473 539 547; x_wconf 80' lang='lat' dir='ltr'><strong>voce</strong></span> <span class='ocrx_word' id='word_1_9' title='bbox 556 480 679 566; x_wconf 73' lang='grc' dir='ltr'><strong><em>χαλκός,</em></strong></span> <span class='ocrx_word' id='word_1_10' title='bbox 698 503 848 563; x_wconf 87' lang='lat' dir='ltr'><strong>novasque</strong></span> <span class='ocrx_word' id='word_1_11' title='bbox 869 481 999 543; x_wconf 89' lang='lat' dir='ltr'><strong>eiusdem</strong></span> <span class='ocrx_word' id='word_1_12' title='bbox 1018 477 1140 558; x_wconf 77' lang='lat' dir='ltr'><strong>originis</strong></span> <span class='ocrx_word' id='word_1_13' title='bbox 1159 477 1210 540; x_wconf 80' lang='lat' dir='ltr'><strong>vel</strong></span> <span class='ocrx_word' id='word_1_14' title='bbox 1223 497 1322 540; x_wconf 84' lang='lat' dir='ltr'><strong>voces</strong></span> 
     </span>
     <span class='ocr_line' id='line_1_3' title="bbox 233 565 1104 651; baseline -0.015 -16"><span class='ocrx_word' id='word_1_15' title='bbox 233 572 281 635; x_wconf 84' lang='lat' dir='ltr'><strong>vel</strong></span> <span class='ocrx_word' id='word_1_16' title='bbox 295 571 500 650; x_wconf 77' lang='lat' dir='ltr'><strong>auctoritates,</strong></span> <span class='ocrx_word' id='word_1_17' title='bbox 520 569 624 651; x_wconf 88' lang='lat' dir='ltr'><strong>quibus</strong></span> <span class='ocrx_word' id='word_1_18' title='bbox 639 569 786 634; x_wconf 83' lang='lat' dir='ltr'><strong>Glaesaria</strong></span> <span class='ocrx_word' id='word_1_19' title='bbox 797 565 975 648; x_wconf 88' lang='lat' dir='ltr'><strong>locupletari</strong></span> <span class='ocrx_word' id='word_1_20' title='bbox 989 573 1104 645; x_wconf 79' lang='lat' dir='ltr'><strong>queant.</strong></span> 
     </span>
    </p>

    <p class='ocr_par' dir='ltr' id='par_1_3' title="bbox 206 642 1391 1410">
     <span class='ocr_line' id='line_1_4' title="bbox 206 642 1325 736; baseline -0.004 -23"><span class='ocrx_word' id='word_1_21' title='bbox 206 659 229 713; x_wconf 85' lang='grc'><strong>0</strong></span> <span class='ocrx_word' id='word_1_22' title='bbox 311 655 387 719; x_wconf 80' lang='lat' dir='ltr'><strong>Ibid.</strong></span> <span class='ocrx_word' id='word_1_23' title='bbox 405 657 458 722; x_wconf 83' lang='lat' dir='ltr'><strong>lin.</strong></span> <span class='ocrx_word' id='word_1_24' title='bbox 481 661 511 726; x_wconf 85' lang='lat'><strong>6.</strong></span> <span class='ocrx_word' id='word_1_25' title='bbox 533 653 574 731; x_wconf 79' lang='grc' dir='ltr'><strong><em>νίς</em></strong></span> <span class='ocrx_word' id='word_1_26' title='bbox 593 647 636 736; x_wconf 76' lang='grc' dir='ltr'><strong>μή</strong></span> <span class='ocrx_word' id='word_1_27' title='bbox 653 677 681 718; x_wconf 86' lang='grc' dir='ltr'><strong>τι</strong></span> <span class='ocrx_word' id='word_1_28' title='bbox 702 647 868 733; x_wconf 68' lang='lat' dir='ltr'><strong>desiccatos</strong></span> <span class='ocrx_word' id='word_1_29' title='bbox 886 647 962 735; x_wconf 79' lang='grc' dir='ltr'><strong><em>πρός</em></strong></span> <span class='ocrx_word' id='word_1_30' title='bbox 981 655 1041 712; x_wconf 77' lang='grc' dir='ltr'><strong>τῶν</strong></span> <span class='ocrx_word' id='word_1_31' title='bbox 1055 647 1198 712; x_wconf 78' lang='grc' dir='ltr'><strong><em>ἐναντίων</em></strong></span> <span class='ocrx_word' id='word_1_32' title='bbox 1212 642 1325 722; x_wconf 69' lang='grc' dir='ltr'><strong><em>νόν-οἶς</em></strong></span> 
     </span>
     <span class='ocr_line' id='line_1_5' title="bbox 235 733 1326 828; baseline -0.016 -22"><span class='ocrx_word' id='word_1_33' title='bbox 235 739 392 828; x_wconf 53' lang='grc' dir='ltr'><strong>πατηθῇ]</strong></span> <span class='ocrx_word' id='word_1_34' title='bbox 414 733 544 804; x_wconf 71' lang='lat' dir='ltr'><strong>noceto</strong></span> <span class='ocrx_word' id='word_1_35' title='bbox 559 739 621 800; x_wconf 87' lang='lat' dir='ltr'><strong>sive</strong></span> <span class='ocrx_word' id='word_1_36' title='bbox 634 733 767 816; x_wconf 81' lang='grc' dir='ltr'><strong><em>καννόω,</em></strong></span> <span class='ocrx_word' id='word_1_37' title='bbox 788 757 873 797; x_wconf 89' lang='lat' dir='ltr'><strong>sensu</strong></span> <span class='ocrx_word' id='word_1_38' title='bbox 883 735 1008 814; x_wconf 84' lang='lat' dir='ltr'><strong>figurato</strong></span> <span class='ocrx_word' id='word_1_39' title='bbox 1022 733 1196 807; x_wconf 77' lang='lat' dir='ltr'><strong><em>machinor,</em></strong></span> <span class='ocrx_word' id='word_1_40' title='bbox 1219 744 1326 810; x_wconf 75' lang='grc' dir='ltr'><strong><em>ιινιιο,</em></strong></span> 
     </span>
     <span class='ocr_line' id='line_1_6' title="bbox 235 817 1321 904; baseline -0.008 -18"><span class='ocrx_word' id='word_1_41' title='bbox 235 829 405 904; x_wconf 80' lang='lat' dir='ltr'><strong>frequenter</strong></span> <span class='ocrx_word' id='word_1_42' title='bbox 420 823 550 884; x_wconf 86' lang='lat' dir='ltr'><strong>occunit</strong></span> <span class='ocrx_word' id='word_1_43' title='bbox 569 823 650 904; x_wconf 91' lang='lat' dir='ltr'><strong>apud</strong></span> <span class='ocrx_word' id='word_1_44' title='bbox 664 823 765 882; x_wconf 87' lang='lat' dir='ltr'><strong>Patres</strong></span> <span class='ocrx_word' id='word_1_45' title='bbox 787 821 897 882; x_wconf 88' lang='lat' dir='ltr'><strong>saeculi</strong></span> <span class='ocrx_word' id='word_1_46' title='bbox 912 818 1106 880; x_wconf 85' lang='lat' dir='ltr'><strong>Theodosiani</strong></span> <span class='ocrx_word' id='word_1_47' title='bbox 1120 827 1151 876; x_wconf 90' lang='lat' dir='ltr'><strong>et</strong></span> <span class='ocrx_word' id='word_1_48' title='bbox 1165 817 1321 898; x_wconf 87' lang='lat' dir='ltr'><strong>deinceps.</strong></span> 
     </span>
     <span class='ocr_line' id='line_1_7' title="bbox 236 903 1324 990; baseline -0.012 -16"><span class='ocrx_word' id='word_1_49' title='bbox 236 905 404 974; x_wconf 80' lang='grc' dir='ltr'><strong><em>Καπόονωι</em></strong></span> <span class='ocrx_word' id='word_1_50' title='bbox 422 912 450 972; x_wconf 90' lang='lat' dir='ltr'><strong>S.</strong></span> <span class='ocrx_word' id='word_1_51' title='bbox 467 909 649 990; x_wconf 73' lang='lat' dir='ltr'><strong>Epiphanius</strong></span> <span class='ocrx_word' id='word_1_52' title='bbox 668 909 816 968; x_wconf 83' lang='lat' dir='ltr'><strong>Adversus</strong></span> <span class='ocrx_word' id='word_1_53' title='bbox 833 904 946 970; x_wconf 85' lang='lat' dir='ltr'><strong>haeres.</strong></span> <span class='ocrx_word' id='word_1_54' title='bbox 962 905 984 963; x_wconf 91' lang='lat' dir='ltr'><strong>l.</strong></span> <span class='ocrx_word' id='word_1_55' title='bbox 1001 911 1030 972; x_wconf 81' lang='lat'><strong>2.</strong></span> <span class='ocrx_word' id='word_1_56' title='bbox 1045 905 1078 965; x_wconf 88' lang='lat' dir='ltr'><strong>G.</strong></span> <span class='ocrx_word' id='word_1_57' title='bbox 1099 903 1273 981; x_wconf 81' lang='lat' dir='ltr'><strong>Anonymua</strong></span> <span class='ocrx_word' id='word_1_58' title='bbox 1284 903 1324 961; x_wconf 83' lang='lat' dir='ltr'><strong>iu</strong></span> 
     </span>
     <span class='ocr_line' id='line_1_8' title="bbox 235 981 1391 1071; baseline -0.006 -19"><span class='ocrx_word' id='word_1_59' title='bbox 235 995 340 1056; x_wconf 87' lang='lat' dir='ltr'><strong>Psalm.</strong></span> <span class='ocrx_word' id='word_1_60' title='bbox 357 993 378 1054; x_wconf 92' lang='lat' dir='ltr'><strong>l.</strong></span> <span class='ocrx_word' id='word_1_61' title='bbox 394 996 445 1059; x_wconf 79' lang='grc'><strong>88.</strong></span> <span class='ocrx_word' id='word_1_62' title='bbox 467 994 503 1054; x_wconf 87' lang='lat' dir='ltr'><strong>A.</strong></span> <span class='ocrx_word' id='word_1_63' title='bbox 517 987 681 1056; x_wconf 84' lang='grc' dir='ltr'><strong><em>καπόνντα</em></strong></span> <span class='ocrx_word' id='word_1_64' title='bbox 701 994 729 1055; x_wconf 91' lang='lat' dir='ltr'><strong>S.</strong></span> <span class='ocrx_word' id='word_1_65' title='bbox 746 989 926 1071; x_wconf 75' lang='lat' dir='ltr'><strong>Epiphanius</strong></span> <span class='ocrx_word' id='word_1_66' title='bbox 948 989 1098 1049; x_wconf 82' lang='lat' dir='ltr'><strong>Adversus</strong></span> <span class='ocrx_word' id='word_1_67' title='bbox 1114 985 1228 1046; x_wconf 86' lang='lat' dir='ltr'><strong>haeres.</strong></span> <span class='ocrx_word' id='word_1_68' title='bbox 1243 988 1322 1052; x_wconf 84' lang='grc'><strong>651.</strong></span> <span class='ocrx_word' id='word_1_69' title='bbox 1337 1016 1346 1035; x_wconf 63' lang='lat' dir='ltr'>x</span> <span class='ocrx_word' id='word_1_70' title='bbox 1390 981 1391 986; x_wconf 60' lang='grc'>’</span> 
     </span>
     <span class='ocr_line' id='line_1_9' title="bbox 238 1068 1325 1156; baseline -0.008 -18"><span class='ocrx_word' id='word_1_71' title='bbox 238 1079 269 1138; x_wconf 85' lang='lat' dir='ltr'><strong>C.</strong></span> <span class='ocrx_word' id='word_1_72' title='bbox 285 1071 457 1154; x_wconf 64' lang='lat' dir='ltr'><strong>nuntiasses</strong></span> <span class='ocrx_word' id='word_1_73' title='bbox 472 1078 618 1156; x_wconf 82' lang='lat' dir='ltr'><strong>Anonym.</strong></span> <span class='ocrx_word' id='word_1_74' title='bbox 637 1077 669 1136; x_wconf 92' lang='lat' dir='ltr'><strong>in</strong></span> <span class='ocrx_word' id='word_1_75' title='bbox 685 1076 790 1138; x_wconf 87' lang='lat' dir='ltr'><strong>Psalm.</strong></span> <span class='ocrx_word' id='word_1_76' title='bbox 808 1075 835 1137; x_wconf 88' lang='grc' dir='ltr'><strong>Ι.</strong></span> <span class='ocrx_word' id='word_1_77' title='bbox 851 1079 923 1141; x_wconf 85' lang='grc'><strong>761.</strong></span> <span class='ocrx_word' id='word_1_78' title='bbox 941 1075 973 1134; x_wconf 83' lang='lat' dir='ltr'><strong>G.</strong></span> <span class='ocrx_word' id='word_1_79' title='bbox 991 1068 1177 1136; x_wconf 82' lang='grc' dir='ltr'><strong><em>κατενόντων</em></strong></span> <span class='ocrx_word' id='word_1_80' title='bbox 1198 1074 1227 1134; x_wconf 88' lang='lat' dir='ltr'><strong>S.</strong></span> <span class='ocrx_word' id='word_1_81' title='bbox 1246 1071 1325 1151; x_wconf 85' lang='lat' dir='ltr'><strong>Epi-</strong></span> 
     </span>
     <span class='ocr_line' id='line_1_10' title="bbox 236 1155 1326 1244; baseline -0.006 -24"><span class='ocrx_word' id='word_1_82' title='bbox 236 1161 364 1244; x_wconf 88' lang='lat' dir='ltr'><strong>phanius</strong></span> <span class='ocrx_word' id='word_1_83' title='bbox 382 1161 529 1222; x_wconf 88' lang='lat' dir='ltr'><strong>Adversus</strong></span> <span class='ocrx_word' id='word_1_84' title='bbox 548 1161 657 1223; x_wconf 84' lang='lat' dir='ltr'><strong>haeres.</strong></span> <span class='ocrx_word' id='word_1_85' title='bbox 670 1166 741 1228; x_wconf 89' lang='grc'><strong>222.</strong></span> <span class='ocrx_word' id='word_1_86' title='bbox 763 1161 798 1224; x_wconf 89' lang='lat' dir='ltr'><strong>D.</strong></span> <span class='ocrx_word' id='word_1_87' title='bbox 818 1159 936 1219; x_wconf 81' lang='lat' dir='ltr'><strong>Aonisto</strong></span> <span class='ocrx_word' id='word_1_88' title='bbox 959 1158 1005 1217; x_wconf 87' lang='lat' dir='ltr'><strong>bis</strong></span> <span class='ocrx_word' id='word_1_89' title='bbox 1024 1158 1118 1217; x_wconf 86' lang='lat' dir='ltr'><strong>utitur</strong></span> <span class='ocrx_word' id='word_1_90' title='bbox 1140 1159 1171 1218; x_wconf 90' lang='lat' dir='ltr'><strong>S.</strong></span> <span class='ocrx_word' id='word_1_91' title='bbox 1188 1155 1326 1236; x_wconf 87' lang='lat' dir='ltr'><strong>Epipha-</strong></span> 
     </span>
     <span class='ocr_line' id='line_1_11' title="bbox 236 1237 1326 1326; baseline -0.006 -20"><span class='ocrx_word' id='word_1_92' title='bbox 236 1245 322 1324; x_wconf 86' lang='lat' dir='ltr'><strong>nius,</strong></span> <span class='ocrx_word' id='word_1_93' title='bbox 350 1245 427 1310; x_wconf 91' lang='lat' dir='ltr'><strong>lhid.</strong></span> <span class='ocrx_word' id='word_1_94' title='bbox 450 1251 520 1316; x_wconf 85' lang='grc'><strong>629.</strong></span> <span class='ocrx_word' id='word_1_95' title='bbox 540 1247 575 1308; x_wconf 90' lang='lat' dir='ltr'><strong>D.</strong></span> <span class='ocrx_word' id='word_1_96' title='bbox 594 1247 716 1326; x_wconf 75' lang='grc' dir='ltr'><strong><em>βίβλους</em></strong></span> <span class='ocrx_word' id='word_1_97' title='bbox 735 1239 896 1318; x_wconf 66' lang='lat' dir='ltr'><strong>eunicae·</strong></span> <span class='ocrx_word' id='word_1_98' title='bbox 926 1252 956 1302; x_wconf 89' lang='lat' dir='ltr'><strong>et</strong></span> <span class='ocrx_word' id='word_1_99' title='bbox 976 1245 1047 1307; x_wconf 87' lang='grc'><strong>257.</strong></span> <span class='ocrx_word' id='word_1_100' title='bbox 1072 1244 1104 1302; x_wconf 87' lang='lat' dir='ltr'><strong>G.</strong></span> <span class='ocrx_word' id='word_1_101' title='bbox 1126 1237 1326 1303; x_wconf 81' lang='grc' dir='ltr'><strong><em>καντιίωαντα.</em></strong></span> 
     </span>
     <span class='ocr_line' id='line_1_12' title="bbox 235 1322 1328 1410; baseline -0.005 -19"><span class='ocrx_word' id='word_1_102' title='bbox 235 1331 389 1391; x_wconf 83' lang='lat' dir='ltr'><strong>Praesente</strong></span> <span class='ocrx_word' id='word_1_103' title='bbox 404 1331 513 1410; x_wconf 83' lang='lat' dir='ltr'><strong>passivi</strong></span> <span class='ocrx_word' id='word_1_104' title='bbox 529 1333 557 1394; x_wconf 91' lang='lat' dir='ltr'><strong>S.</strong></span> <span class='ocrx_word' id='word_1_105' title='bbox 570 1329 771 1390; x_wconf 86' lang='lat' dir='ltr'><strong>Theodoretus</strong></span> <span class='ocrx_word' id='word_1_106' title='bbox 787 1329 879 1410; x_wconf 85' lang='lat' dir='ltr'><strong>Epist.</strong></span> <span class='ocrx_word' id='word_1_107' title='bbox 897 1345 955 1386; x_wconf 75' lang='lat' dir='ltr'><strong>cix.</strong></span> <span class='ocrx_word' id='word_1_108' title='bbox 974 1327 1022 1389; x_wconf 86' lang='grc' dir='ltr'><strong>ΙΙΙ.</strong></span> <span class='ocrx_word' id='word_1_109' title='bbox 1040 1331 1110 1394; x_wconf 86' lang='grc'><strong>977.</strong></span> <span class='ocrx_word' id='word_1_110' title='bbox 1131 1326 1163 1384; x_wconf 84' lang='lat' dir='ltr'><strong>l).</strong></span> <span class='ocrx_word' id='word_1_111' title='bbox 1176 1322 1251 1388; x_wconf 81' lang='grc' dir='ltr'><strong><em>κντδ</em></strong></span> <span class='ocrx_word' id='word_1_112' title='bbox 1265 1330 1328 1402; x_wconf 80' lang='grc' dir='ltr'><strong>τῆς</strong></span> 
     </span>
    </p>

    <p class='ocr_par' dir='ltr' id='par_1_4' title="bbox 110 1409 1325 1834">
     <span class='ocr_line' id='line_1_13' title="bbox 110 1409 1325 1496; baseline -0.012 -15"><span class='ocrx_word' id='word_1_113' title='bbox 110 1426 112 1434; x_wconf 87' lang='grc'><strong>’</strong></span> <span class='ocrx_word' id='word_1_114' title='bbox 236 1409 435 1495; x_wconf 80' lang='grc' dir='ltr'><strong><em>όνοστολικῆς</em></strong></span> <span class='ocrx_word' id='word_1_115' title='bbox 448 1410 630 1496; x_wconf 82' lang='grc' dir='ltr'><strong><em>καιννόμενα</em></strong></span> <span class='ocrx_word' id='word_1_116' title='bbox 649 1417 782 1487; x_wconf 68' lang='lat' dir='ltr'><strong>nicaeae.</strong></span> <span class='ocrx_word' id='word_1_117' title='bbox 822 1414 998 1492; x_wconf 81' lang='lat' dir='ltr'><strong>imperfecto</strong></span> <span class='ocrx_word' id='word_1_118' title='bbox 1012 1413 1042 1472; x_wconf 89' lang='lat' dir='ltr'><strong>S.</strong></span> <span class='ocrx_word' id='word_1_119' title='bbox 1058 1409 1239 1490; x_wconf 86' lang='lat' dir='ltr'><strong>Epiphanius</strong></span> <span class='ocrx_word' id='word_1_120' title='bbox 1252 1411 1325 1468; x_wconf 91' lang='lat' dir='ltr'><strong>Ad-</strong></span> 
     </span>
     <span class='ocr_line' id='line_1_14' title="bbox 235 1490 1325 1580; baseline -0.001 -23"><span class='ocrx_word' id='word_1_121' title='bbox 235 1518 339 1558; x_wconf 85' lang='lat' dir='ltr'><strong>versus</strong></span> <span class='ocrx_word' id='word_1_122' title='bbox 359 1498 469 1564; x_wconf 84' lang='lat' dir='ltr'><strong>haeres.</strong></span> <span class='ocrx_word' id='word_1_123' title='bbox 484 1505 556 1570; x_wconf 80' lang='lat'><strong>722.</strong></span> <span class='ocrx_word' id='word_1_124' title='bbox 569 1500 603 1559; x_wconf 90' lang='lat' dir='ltr'><strong>B.</strong></span> <span class='ocrx_word' id='word_1_125' title='bbox 617 1494 768 1562; x_wconf 74' lang='lat' dir='ltr'><strong>inmisso</strong></span> <span class='ocrx_word' id='word_1_126' title='bbox 784 1497 852 1580; x_wconf 80' lang='lat' dir='ltr'><strong>napi</strong></span> <span class='ocrx_word' id='word_1_127' title='bbox 868 1497 901 1577; x_wconf 86' lang='lat' dir='ltr'><strong>[l.</strong></span> <span class='ocrx_word' id='word_1_128' title='bbox 914 1492 1005 1580; x_wconf 81' lang='grc' dir='ltr'><strong><em>καρό]</em></strong></span> <span class='ocrx_word' id='word_1_129' title='bbox 1025 1499 1085 1559; x_wconf 76' lang='grc' dir='ltr'><strong>τόν</strong></span> <span class='ocrx_word' id='word_1_130' title='bbox 1098 1490 1206 1558; x_wconf 74' lang='lat' dir='ltr'><strong>soriano</strong></span> <span class='ocrx_word' id='word_1_131' title='bbox 1220 1501 1325 1575; x_wconf 76' lang='grc' dir='ltr'><strong><em>μαθη-</em></strong></span> 
     </span>
     <span class='ocr_line' id='line_1_15' title="bbox 235 1578 1325 1664; baseline -0.006 -20"><span class='ocrx_word' id='word_1_132' title='bbox 235 1587 298 1645; x_wconf 75' lang='grc' dir='ltr'><strong>τῶν</strong></span> <span class='ocrx_word' id='word_1_133' title='bbox 322 1579 528 1664; x_wconf 65' lang='lat' dir='ltr'><strong>adsociatis</strong></span> <span class='ocrx_word' id='word_1_134' title='bbox 550 1579 699 1661; x_wconf 65' lang='lat' dir='ltr'><strong>saonensis*</strong></span> <span class='ocrx_word' id='word_1_135' title='bbox 716 1585 771 1662; x_wconf 77' lang='grc' dir='ltr'><strong>τῆς</strong></span> <span class='ocrx_word' id='word_1_136' title='bbox 788 1581 951 1660; x_wconf 70' lang='grc' dir='ltr'><strong><em>ἐκκλησίας.</em></strong></span> <span class='ocrx_word' id='word_1_137' title='bbox 993 1581 1125 1640; x_wconf 83' lang='lat' dir='ltr'><strong>Perfecto</strong></span> <span class='ocrx_word' id='word_1_138' title='bbox 1148 1578 1325 1639; x_wconf 82' lang='lat' dir='ltr'><strong>Theodotus</strong></span> 
     </span>
     <span class='ocr_line' id='line_1_16' title="bbox 223 1659 1325 1748; baseline 0.003 -24"><span class='ocrx_word' id='word_1_139' title='bbox 223 1667 366 1730; x_wconf 57' lang='lat' dir='ltr'><strong>alnetitut.</strong></span> <span class='ocrx_word' id='word_1_140' title='bbox 388 1669 528 1728; x_wconf 83' lang='lat' dir='ltr'><strong>Oriental.</strong></span> <span class='ocrx_word' id='word_1_141' title='bbox 551 1671 624 1738; x_wconf 84' lang='lat'><strong>806.</strong></span> <span class='ocrx_word' id='word_1_142' title='bbox 645 1668 679 1733; x_wconf 85' lang='lat' dir='ltr'><strong>C.</strong></span> <span class='ocrx_word' id='word_1_143' title='bbox 703 1665 910 1748; x_wconf 81' lang='grc' dir='ltr'><strong><em>κεκννννμίνα.</em></strong></span> <span class='ocrx_word' id='word_1_144' title='bbox 963 1663 1131 1746; x_wconf 87' lang='lat' dir='ltr'><strong>Composito</strong></span> <span class='ocrx_word' id='word_1_145' title='bbox 1151 1659 1325 1728; x_wconf 79' lang='grc' dir='ltr'><strong><em>ἐνικωιτόω</em></strong></span> 
     </span>
     <span class='ocr_line' id='line_1_17' title="bbox 234 1751 574 1834; baseline 0.003 -22"><span class='ocrx_word' id='word_1_146' title='bbox 234 1751 298 1834; x_wconf 86' lang='lat' dir='ltr'><strong>ipse</strong></span> <span class='ocrx_word' id='word_1_147' title='bbox 312 1753 370 1812; x_wconf 91' lang='lat' dir='ltr'><strong>Leo</strong></span> <span class='ocrx_word' id='word_1_148' title='bbox 385 1752 462 1812; x_wconf 79' lang='lat' dir='ltr'><strong>inira</strong></span> <span class='ocrx_word' id='word_1_149' title='bbox 477 1753 528 1819; x_wconf 78' lang='lat'><strong>52.</strong></span> <span class='ocrx_word' id='word_1_150' title='bbox 543 1753 574 1814; x_wconf 87' lang='lat' dir='ltr'><strong>C.</strong></span> 
     </span>
    </p>

    <p class='ocr_par' dir='ltr' id='par_1_5' title="bbox 234 1830 1323 2086">
     <span class='ocr_line' id='line_1_18' title="bbox 319 1830 1323 1917; baseline -0.003 -23"><span class='ocrx_word' id='word_1_151' title='bbox 319 1833 399 1898; x_wconf 78' lang='lat' dir='ltr'><strong>idid.</strong></span> <span class='ocrx_word' id='word_1_152' title='bbox 417 1837 470 1898; x_wconf 83' lang='lat' dir='ltr'><strong>lin.</strong></span> <span class='ocrx_word' id='word_1_153' title='bbox 492 1839 541 1904; x_wconf 90' lang='grc'><strong>10.</strong></span> <span class='ocrx_word' id='word_1_154' title='bbox 561 1835 613 1900; x_wconf 85' lang='grc' dir='ltr'><strong>καί</strong></span> <span class='ocrx_word' id='word_1_155' title='bbox 630 1830 805 1917; x_wconf 69' lang='grc' dir='ltr'><strong><em>παρέπεται]</em></strong></span> <span class='ocrx_word' id='word_1_156' title='bbox 826 1831 926 1894; x_wconf 83' lang='lat' dir='ltr'><strong>llalins</strong></span> <span class='ocrx_word' id='word_1_157' title='bbox 943 1831 1132 1915; x_wconf 79' lang='grc' dir='ltr'><strong><em>παρίκονεαι.</em></strong></span> <span class='ocrx_word' id='word_1_158' title='bbox 1174 1832 1251 1895; x_wconf 81' lang='lat' dir='ltr'><strong>Vide</strong></span> <span class='ocrx_word' id='word_1_159' title='bbox 1272 1841 1323 1892; x_wconf 85' lang='lat' dir='ltr'><strong>ta-</strong></span> 
     </span>
     <span class='ocr_line' id='line_1_19' title="bbox 234 1918 1008 2000; baseline -0.003 -18"><span class='ocrx_word' id='word_1_160' title='bbox 234 1937 303 1982; x_wconf 79' lang='lat' dir='ltr'><strong>men</strong></span> <span class='ocrx_word' id='word_1_161' title='bbox 316 1921 458 1980; x_wconf 59' lang='lat' dir='ltr'><strong>munium</strong></span> <span class='ocrx_word' id='word_1_162' title='bbox 472 1921 510 1979; x_wconf 90' lang='lat' dir='ltr'><strong>sd</strong></span> <span class='ocrx_word' id='word_1_163' title='bbox 523 1919 660 2000; x_wconf 83' lang='lat' dir='ltr'><strong>Vigsnun</strong></span> <span class='ocrx_word' id='word_1_164' title='bbox 675 1921 716 1980; x_wconf 84' lang='lat' dir='ltr'><strong>De</strong></span> <span class='ocrx_word' id='word_1_165' title='bbox 730 1918 870 1981; x_wconf 85' lang='lat' dir='ltr'><strong>idiotism.</strong></span> <span class='ocrx_word' id='word_1_166' title='bbox 889 1919 957 1985; x_wconf 88' lang='grc'><strong>195.</strong></span> <span class='ocrx_word' id='word_1_167' title='bbox 975 1921 1008 1980; x_wconf 85' lang='grc'><strong>0.</strong></span> 
     </span>
     <span class='ocr_line' id='line_1_20' title="bbox 319 1996 1323 2086; baseline -0.004 -22"><span class='ocrx_word' id='word_1_168' title='bbox 319 2002 396 2064; x_wconf 77' lang='lat' dir='ltr'><strong>ibid.</strong></span> <span class='ocrx_word' id='word_1_169' title='bbox 412 2005 534 2074; x_wconf 72' lang='lat' dir='ltr'><strong>lin012.</strong></span> <span class='ocrx_word' id='word_1_170' title='bbox 553 2009 609 2086; x_wconf 77' lang='grc' dir='ltr'><strong>τῆς</strong></span> <span class='ocrx_word' id='word_1_171' title='bbox 626 2001 786 2085; x_wconf 77' lang='grc' dir='ltr'><strong><em>δεδομένης</em></strong></span> <span class='ocrx_word' id='word_1_172' title='bbox 802 1996 965 2085; x_wconf 67' lang='lat' dir='ltr'><strong>adornatae]</strong></span> <span class='ocrx_word' id='word_1_173' title='bbox 981 2004 1016 2063; x_wconf 90' lang='lat' dir='ltr'><strong>ln</strong></span> <span class='ocrx_word' id='word_1_174' title='bbox 1031 2003 1139 2063; x_wconf 79' lang='lat' dir='ltr'><strong>Codice</strong></span> <span class='ocrx_word' id='word_1_175' title='bbox 1153 2001 1249 2061; x_wconf 87' lang='lat' dir='ltr'><strong>literis</strong></span> <span class='ocrx_word' id='word_1_176' title='bbox 1263 2023 1278 2063; x_wconf 85' lang='grc' dir='ltr'><strong><em>ε</em></strong></span> <span class='ocrx_word' id='word_1_177' title='bbox 1291 2011 1323 2060; x_wconf 87' lang='lat' dir='ltr'><strong>et</strong></span> 
     </span>
    </p>

    <p class='ocr_par' dir='ltr' id='par_1_6' title="bbox 201 2083 1323 2256">
     <span class='ocr_line' id='line_1_21' title="bbox 201 2083 1321 2172; baseline -0.002 -24"><span class='ocrx_word' id='word_1_178' title='bbox 201 2098 256 2170; x_wconf 76' lang='lat' dir='ltr'><strong>Dq</strong></span> <span class='ocrx_word' id='word_1_179' title='bbox 272 2098 375 2172; x_wconf 85' lang='lat' dir='ltr'><strong>contra</strong></span> <span class='ocrx_word' id='word_1_180' title='bbox 390 2089 583 2169; x_wconf 81' lang='lat' dir='ltr'><strong>etymologiae</strong></span> <span class='ocrx_word' id='word_1_181' title='bbox 597 2089 742 2149; x_wconf 86' lang='lat' dir='ltr'><strong>rationem</strong></span> <span class='ocrx_word' id='word_1_182' title='bbox 761 2087 934 2168; x_wconf 84' lang='lat' dir='ltr'><strong>permutatis</strong></span> <span class='ocrx_word' id='word_1_183' title='bbox 956 2088 1046 2150; x_wconf 78' lang='lat' dir='ltr'><strong>niodo</strong></span> <span class='ocrx_word' id='word_1_184' title='bbox 1065 2083 1196 2166; x_wconf 83' lang='grc' dir='ltr'><strong><em>εόετερίιι</em></strong></span> <span class='ocrx_word' id='word_1_185' title='bbox 1215 2105 1321 2146; x_wconf 76' lang='lat' dir='ltr'><strong>exara-</strong></span> 
     </span>
     <span class='ocr_line' id='line_1_22' title="bbox 235 2166 1323 2256; baseline -0.001 -25"><span class='ocrx_word' id='word_1_186' title='bbox 235 2181 317 2248; x_wconf 84' lang='lat' dir='ltr'><strong>tum,</strong></span> <span class='ocrx_word' id='word_1_187' title='bbox 337 2182 373 2232; x_wconf 88' lang='lat' dir='ltr'><strong>ut</strong></span> <span class='ocrx_word' id='word_1_188' title='bbox 392 2173 472 2233; x_wconf 83' lang='lat' dir='ltr'><strong>infra</strong></span> <span class='ocrx_word' id='word_1_189' title='bbox 492 2175 591 2242; x_wconf 82' lang='grc'><strong>208.</strong></span> <span class='ocrx_word' id='word_1_190' title='bbox 611 2174 701 2234; x_wconf 89' lang='lat' dir='ltr'><strong>modo</strong></span> <span class='ocrx_word' id='word_1_191' title='bbox 725 2166 879 2256; x_wconf 79' lang='grc' dir='ltr'><strong><em>εόηεερίιι,</em></strong></span> <span class='ocrx_word' id='word_1_192' title='bbox 899 2180 935 2232; x_wconf 86' lang='lat' dir='ltr'><strong>ut</strong></span> <span class='ocrx_word' id='word_1_193' title='bbox 950 2171 1000 2232; x_wconf 89' lang='lat' dir='ltr'><strong>hic</strong></span> <span class='ocrx_word' id='word_1_194' title='bbox 1019 2181 1048 2232; x_wconf 89' lang='lat' dir='ltr'><strong>et</strong></span> <span class='ocrx_word' id='word_1_195' title='bbox 1068 2173 1120 2238; x_wconf 79' lang='grc'><strong>40.</strong></span> <span class='ocrx_word' id='word_1_196' title='bbox 1140 2174 1173 2233; x_wconf 85' lang='grc'><strong>0.</strong></span> <span class='ocrx_word' id='word_1_197' title='bbox 1209 2171 1323 2230; x_wconf 85' lang='lat' dir='ltr'><strong>Eodem</strong></span> 
     </span>
    </p>

    <p class='ocr_par' dir='ltr' id='par_1_7' title="bbox 219 2252 1324 2676">
     <span class='ocr_line' id='line_1_23' title="bbox 219 2252 1324 2342; baseline -0.002 -26"><span class='ocrx_word' id='word_1_198' title='bbox 219 2256 346 2337; x_wconf 89' lang='lat' dir='ltr'><strong>&#39;modo,</strong></span> <span class='ocrx_word' id='word_1_199' title='bbox 373 2252 523 2342; x_wconf 80' lang='grc' dir='ltr'><strong><em>εόηνεμία,</em></strong></span> <span class='ocrx_word' id='word_1_200' title='bbox 541 2259 576 2318; x_wconf 91' lang='lat' dir='ltr'><strong>in</strong></span> <span class='ocrx_word' id='word_1_201' title='bbox 602 2257 697 2320; x_wconf 82' lang='lat' dir='ltr'><strong>Codd.</strong></span> <span class='ocrx_word' id='word_1_202' title='bbox 726 2257 829 2317; x_wconf 87' lang='lat' dir='ltr'><strong>multia</strong></span> <span class='ocrx_word' id='word_1_203' title='bbox 849 2257 980 2336; x_wconf 86' lang='lat' dir='ltr'><strong>antiquis</strong></span> <span class='ocrx_word' id='word_1_204' title='bbox 1003 2257 1148 2336; x_wconf 80' lang='lat' dir='ltr'><strong>seriptum</strong></span> <span class='ocrx_word' id='word_1_205' title='bbox 1166 2255 1249 2332; x_wconf 85' lang='lat' dir='ltr'><strong>vidi,</strong></span> <span class='ocrx_word' id='word_1_206' title='bbox 1270 2255 1324 2314; x_wconf 90' lang='lat' dir='ltr'><strong>ubi</strong></span> 
     </span>
     <span class='ocr_line' id='line_1_24' title="bbox 236 2338 1323 2424; baseline -0.003 -24"><span class='ocrx_word' id='word_1_207' title='bbox 236 2361 319 2401; x_wconf 91' lang='lat' dir='ltr'><strong>nunc</strong></span> <span class='ocrx_word' id='word_1_208' title='bbox 338 2341 480 2403; x_wconf 84' lang='lat' dir='ltr'><strong>editiones</strong></span> <span class='ocrx_word' id='word_1_209' title='bbox 502 2338 648 2424; x_wconf 81' lang='grc' dir='ltr'><strong><em>εόετηρία·</em></strong></span> <span class='ocrx_word' id='word_1_210' title='bbox 675 2341 760 2402; x_wconf 88' lang='lat' dir='ltr'><strong>Philo</strong></span> <span class='ocrx_word' id='word_1_211' title='bbox 781 2349 823 2401; x_wconf 78' lang='lat' dir='ltr'><strong>Da</strong></span> <span class='ocrx_word' id='word_1_212' title='bbox 846 2341 1009 2402; x_wconf 85' lang='lat' dir='ltr'><strong>Abrahamo</strong></span> <span class='ocrx_word' id='word_1_213' title='bbox 1028 2344 1099 2408; x_wconf 75' lang='lat'><strong>284.</strong></span> <span class='ocrx_word' id='word_1_214' title='bbox 1120 2340 1156 2402; x_wconf 86' lang='lat' dir='ltr'><strong>F.</strong></span> <span class='ocrx_word' id='word_1_215' title='bbox 1184 2340 1227 2398; x_wconf 90' lang='lat' dir='ltr'><strong>De</strong></span> <span class='ocrx_word' id='word_1_216' title='bbox 1248 2360 1323 2398; x_wconf 88' lang='lat' dir='ltr'><strong>oon-</strong></span> 
     </span>
     <span class='ocr_line' id='line_1_25' title="bbox 234 2423 1320 2505; baseline -0.001 -20"><span class='ocrx_word' id='word_1_217' title='bbox 234 2445 337 2502; x_wconf 83' lang='lat' dir='ltr'><strong>grassu</strong></span> <span class='ocrx_word' id='word_1_218' title='bbox 357 2427 540 2505; x_wconf 88' lang='lat' dir='ltr'><strong>quaerendae</strong></span> <span class='ocrx_word' id='word_1_219' title='bbox 565 2427 738 2487; x_wconf 87' lang='lat' dir='ltr'><strong>eruditionis</strong></span> <span class='ocrx_word' id='word_1_220' title='bbox 762 2425 856 2504; x_wconf 81' lang='lat' dir='ltr'><strong>gratia</strong></span> <span class='ocrx_word' id='word_1_221' title='bbox 879 2430 949 2493; x_wconf 82' lang='grc'><strong>351.</strong></span> <span class='ocrx_word' id='word_1_222' title='bbox 971 2425 1006 2486; x_wconf 94' lang='lat' dir='ltr'><strong>A.</strong></span> <span class='ocrx_word' id='word_1_223' title='bbox 1034 2423 1177 2504; x_wconf 84' lang='lat' dir='ltr'><strong>Iosephus</strong></span> <span class='ocrx_word' id='word_1_224' title='bbox 1197 2423 1320 2502; x_wconf 89' lang='lat' dir='ltr'><strong>Antiqq.</strong></span> 
     </span>
     <span class='ocr_line' id='line_1_26' title="bbox 234 2509 1321 2577; baseline -0.002 -9"><span class='ocrx_word' id='word_1_225' title='bbox 234 2509 285 2575; x_wconf 80' lang='grc'><strong>44.</strong></span> <span class='ocrx_word' id='word_1_226' title='bbox 302 2510 337 2572; x_wconf 87' lang='lat' dir='ltr'><strong>A.</strong></span> <span class='ocrx_word' id='word_1_227' title='bbox 358 2511 540 2571; x_wconf 78' lang='lat' dir='ltr'><strong>Ptolemaeus</strong></span> <span class='ocrx_word' id='word_1_228' title='bbox 556 2511 714 2572; x_wconf 83' lang='lat' dir='ltr'><strong>Tetrabibl.</strong></span> <span class='ocrx_word' id='word_1_229' title='bbox 735 2515 785 2577; x_wconf 87' lang='grc'><strong>80.</strong></span> <span class='ocrx_word' id='word_1_230' title='bbox 805 2511 839 2570; x_wconf 89' lang='lat' dir='ltr'><strong>A.</strong></span> <span class='ocrx_word' id='word_1_231' title='bbox 860 2511 956 2570; x_wconf 84' lang='lat' dir='ltr'><strong>Locus</strong></span> <span class='ocrx_word' id='word_1_232' title='bbox 971 2511 1008 2570; x_wconf 89' lang='lat' dir='ltr'><strong>de</strong></span> <span class='ocrx_word' id='word_1_233' title='bbox 1021 2511 1210 2570; x_wconf 87' lang='lat' dir='ltr'><strong>instabilitate</strong></span> <span class='ocrx_word' id='word_1_234' title='bbox 1220 2511 1321 2567; x_wconf 85' lang='lat' dir='ltr'><strong>fortu-</strong></span> 
     </span>
     <span class='ocr_line' id='line_1_27' title="bbox 236 2593 1261 2676; baseline 0 -25"><span class='ocrx_word' id='word_1_235' title='bbox 236 2611 309 2669; x_wconf 86' lang='lat' dir='ltr'><strong>naa,</strong></span> <span class='ocrx_word' id='word_1_236' title='bbox 329 2612 415 2672; x_wconf 87' lang='lat' dir='ltr'><strong>quem</strong></span> <span class='ocrx_word' id='word_1_237' title='bbox 427 2595 484 2655; x_wconf 76' lang='lat' dir='ltr'><strong>leo</strong></span> <span class='ocrx_word' id='word_1_238' title='bbox 499 2596 647 2675; x_wconf 85' lang='lat' dir='ltr'><strong>respexit,</strong></span> <span class='ocrx_word' id='word_1_239' title='bbox 668 2605 712 2660; x_wconf 84' lang='lat' dir='ltr'><strong>est</strong></span> <span class='ocrx_word' id='word_1_240' title='bbox 725 2595 758 2654; x_wconf 90' lang='lat' dir='ltr'><strong>in</strong></span> <span class='ocrx_word' id='word_1_241' title='bbox 770 2597 801 2660; x_wconf 86' lang='lat' dir='ltr'><strong>S.</strong></span> <span class='ocrx_word' id='word_1_242' title='bbox 814 2593 873 2653; x_wconf 88' lang='lat' dir='ltr'><strong>Nili</strong></span> <span class='ocrx_word' id='word_1_243' title='bbox 889 2595 981 2676; x_wconf 84' lang='lat' dir='ltr'><strong>Epist.</strong></span> <span class='ocrx_word' id='word_1_244' title='bbox 998 2615 1149 2656; x_wconf 79' lang='lat' dir='ltr'><strong>cnxxxru.</strong></span> <span class='ocrx_word' id='word_1_245' title='bbox 1169 2615 1198 2673; x_wconf 86' lang='lat' dir='ltr'><strong>p.</strong></span> <span class='ocrx_word' id='word_1_246' title='bbox 1210 2599 1261 2659; x_wconf 82' lang='lat'><strong>70.</strong></span> 
     </span>
    </p>

    <p class='ocr_par' dir='ltr' id='par_1_8' title="bbox 236 2674 1321 3124">
     <span class='ocr_line' id='line_1_28' title="bbox 320 2674 1321 2760; baseline -0.011 -14"><span class='ocrx_word' id='word_1_247' title='bbox 320 2679 400 2758; x_wconf 73' lang='lat' dir='ltr'><strong>Pag·</strong></span> <span class='ocrx_word' id='word_1_248' title='bbox 417 2683 464 2747; x_wconf 90' lang='grc'><strong>10.</strong></span> <span class='ocrx_word' id='word_1_249' title='bbox 486 2680 540 2739; x_wconf 72' lang='lat' dir='ltr'><strong>lin.</strong></span> <span class='ocrx_word' id='word_1_250' title='bbox 554 2679 584 2746; x_wconf 87' lang='grc'><strong>4.</strong></span> <span class='ocrx_word' id='word_1_251' title='bbox 605 2674 848 2760; x_wconf 68' lang='lat' dir='ltr'><strong>descenderim]</strong></span> <span class='ocrx_word' id='word_1_252' title='bbox 862 2679 1029 2758; x_wconf 68' lang='lat' dir='ltr'><strong>desponsio</strong></span> <span class='ocrx_word' id='word_1_253' title='bbox 1044 2680 1095 2740; x_wconf 92' lang='lat' dir='ltr'><strong>alii</strong></span> <span class='ocrx_word' id='word_1_254' title='bbox 1109 2681 1168 2738; x_wconf 88' lang='lat' dir='ltr'><strong>iam</strong></span> <span class='ocrx_word' id='word_1_255' title='bbox 1184 2677 1321 2737; x_wconf 76' lang='lat' dir='ltr'><strong>observa-</strong></span> 
     </span>
     <span class='ocr_line' id='line_1_29' title="bbox 236 2763 1319 2842; baseline 0 -22"><span class='ocrx_word' id='word_1_256' title='bbox 236 2769 361 2838; x_wconf 82' lang='lat' dir='ltr'><strong>verunt,</strong></span> <span class='ocrx_word' id='word_1_257' title='bbox 382 2782 420 2821; x_wconf 83' lang='lat' dir='ltr'><strong>ex</strong></span> <span class='ocrx_word' id='word_1_258' title='bbox 439 2783 496 2822; x_wconf 91' lang='lat' dir='ltr'><strong>usu</strong></span> <span class='ocrx_word' id='word_1_259' title='bbox 514 2763 705 2824; x_wconf 86' lang='lat' dir='ltr'><strong>Hellenistico</strong></span> <span class='ocrx_word' id='word_1_260' title='bbox 731 2763 895 2842; x_wconf 84' lang='lat' dir='ltr'><strong>significare</strong></span> <span class='ocrx_word' id='word_1_261' title='bbox 919 2764 1062 2823; x_wconf 85' lang='lat' dir='ltr'><strong>ultimam</strong></span> <span class='ocrx_word' id='word_1_262' title='bbox 1081 2785 1182 2822; x_wconf 83' lang='lat' dir='ltr'><strong>vocem</strong></span> <span class='ocrx_word' id='word_1_263' title='bbox 1208 2765 1319 2836; x_wconf 75' lang='lat' dir='ltr'><strong>mitto,</strong></span> 
     </span>
     <span class='ocr_line' id='line_1_30' title="bbox 236 2843 1321 2929; baseline 0.001 -25"><span class='ocrx_word' id='word_1_264' title='bbox 236 2843 295 2904; x_wconf 88' lang='lat' dir='ltr'><strong>hoc</strong></span> <span class='ocrx_word' id='word_1_265' title='bbox 308 2850 642 2926; x_wconf 49' lang='lat' dir='ltr'><strong>&amp;exanimum-pereo.</strong></span> <span class='ocrx_word' id='word_1_266' title='bbox 679 2848 784 2907; x_wconf 86' lang='lat' dir='ltr'><strong>Suidas</strong></span> <span class='ocrx_word' id='word_1_267' title='bbox 800 2848 824 2908; x_wconf 92' lang='grc' dir='ltr'><strong>Ι.</strong></span> <span class='ocrx_word' id='word_1_268' title='bbox 846 2849 917 2914; x_wconf 81' lang='grc'><strong>668.</strong></span> <span class='ocrx_word' id='word_1_269' title='bbox 936 2849 968 2907; x_wconf 81' lang='lat' dir='ltr'><strong>G.</strong></span> <span class='ocrx_word' id='word_1_270' title='bbox 989 2849 1114 2929; x_wconf 78' lang='lat' dir='ltr'><strong>Mangey</strong></span> <span class='ocrx_word' id='word_1_271' title='bbox 1128 2849 1165 2907; x_wconf 90' lang='lat' dir='ltr'><strong>ad</strong></span> <span class='ocrx_word' id='word_1_272' title='bbox 1181 2846 1257 2907; x_wconf 87' lang='lat' dir='ltr'><strong>Phil.</strong></span> <span class='ocrx_word' id='word_1_273' title='bbox 1277 2845 1321 2905; x_wconf 86' lang='lat' dir='ltr'><strong>De</strong></span> 
     </span>
     <span class='ocr_line' id='line_1_31' title="bbox 237 2929 1321 3014; baseline 0 -25"><span class='ocrx_word' id='word_1_274' title='bbox 237 2931 338 2989; x_wconf 87' lang='lat' dir='ltr'><strong>ebriet.</strong></span> <span class='ocrx_word' id='word_1_275' title='bbox 354 2929 377 2992; x_wconf 92' lang='lat' dir='ltr'><strong>l.</strong></span> <span class='ocrx_word' id='word_1_276' title='bbox 395 2933 468 3000; x_wconf 82' lang='grc'><strong>875.</strong></span> <span class='ocrx_word' id='word_1_277' title='bbox 490 2933 525 2994; x_wconf 87' lang='grc' dir='ltr'><strong>Ε.</strong></span> <span class='ocrx_word' id='word_1_278' title='bbox 545 2931 712 2993; x_wconf 86' lang='lat' dir='ltr'><strong>Adhibetur</strong></span> <span class='ocrx_word' id='word_1_279' title='bbox 726 2953 759 2991; x_wconf 86' lang='lat' dir='ltr'><strong>es</strong></span> <span class='ocrx_word' id='word_1_280' title='bbox 779 2932 992 3011; x_wconf 82' lang='lat' dir='ltr'><strong>significatione</strong></span> <span class='ocrx_word' id='word_1_281' title='bbox 1012 2935 1171 3014; x_wconf 86' lang='lat' dir='ltr'><strong>praecipue</strong></span> <span class='ocrx_word' id='word_1_282' title='bbox 1186 2933 1321 3012; x_wconf 81' lang='lat' dir='ltr'><strong>perfecto</strong></span> 
     </span>
     <span class='ocr_line' id='line_1_32' title="bbox 237 3011 1321 3124; baseline 0.006 -50"><span class='ocrx_word' id='word_1_283' title='bbox 237 3024 267 3074; x_wconf 91' lang='lat' dir='ltr'><strong>et</strong></span> <span class='ocrx_word' id='word_1_284' title='bbox 279 3016 584 3124; x_wconf 80' lang='lat' dir='ltr'><strong>plusquamperfectos</strong></span> <span class='ocrx_word' id='word_1_285' title='bbox 606 3018 688 3077; x_wconf 86' lang='lat' dir='ltr'><strong>velut</strong></span> <span class='ocrx_word' id='word_1_286' title='bbox 701 3016 780 3098; x_wconf 89' lang='lat' dir='ltr'><strong>apud</strong></span> <span class='ocrx_word' id='word_1_287' title='bbox 793 3037 865 3076; x_wconf 81' lang='lat' dir='ltr'><strong>axx.</strong></span> <span class='ocrx_word' id='word_1_288' title='bbox 885 3017 972 3079; x_wconf 88' lang='lat' dir='ltr'><strong>Num.</strong></span> <span class='ocrx_word' id='word_1_289' title='bbox 988 3039 1077 3083; x_wconf 74' lang='lat' dir='ltr'><strong>xxxi.</strong></span> <span class='ocrx_word' id='word_1_290' title='bbox 1091 3019 1143 3084; x_wconf 81' lang='grc'><strong>49.</strong></span> <span class='ocrx_word' id='word_1_291' title='bbox 1166 3011 1206 3080; x_wconf 83' lang='grc' dir='ltr'><strong>ον’</strong></span> <span class='ocrx_word' id='word_1_292' title='bbox 1222 3017 1321 3080; x_wconf 67' lang='lat' dir='ltr'><strong>siaa-</strong></span> 
     </span>
    </p>

    <p class='ocr_par' dir='ltr' id='par_1_9' title="bbox 152 3095 1321 3249">
     <span class='ocr_line' id='line_1_33' title="bbox 152 3095 1320 3180; baseline 0.003 -20"><span class='ocrx_word' id='word_1_293' title='bbox 152 3129 157 3141; x_wconf 79' lang='lat'>=</span> <span class='ocrx_word' id='word_1_294' title='bbox 236 3095 379 3180; x_wconf 79' lang='grc' dir='ltr'><strong><em>φόνηκεν</em></strong></span> <span class='ocrx_word' id='word_1_295' title='bbox 395 3095 439 3165; x_wconf 78' lang='lat' dir='ltr'><strong>oin</strong></span> <span class='ocrx_word' id='word_1_296' title='bbox 459 3095 557 3165; x_wconf 72' lang='grc' dir='ltr'><strong><em>νότιόν</em></strong></span> <span class='ocrx_word' id='word_1_297' title='bbox 579 3096 649 3165; x_wconf 75' lang='lat' dir='ltr'><strong>aridi</strong></span> <span class='ocrx_word' id='word_1_298' title='bbox 665 3096 716 3175; x_wconf 79' lang='grc' dir='ltr'><strong>είς.</strong></span> <span class='ocrx_word' id='word_1_299' title='bbox 753 3101 842 3175; x_wconf 88' lang='lat' dir='ltr'><strong>Quod</strong></span> <span class='ocrx_word' id='word_1_300' title='bbox 858 3101 990 3162; x_wconf 88' lang='lat' dir='ltr'><strong>imitatur</strong></span> <span class='ocrx_word' id='word_1_301' title='bbox 1005 3103 1090 3162; x_wconf 88' lang='lat' dir='ltr'><strong>Philo</strong></span> <span class='ocrx_word' id='word_1_302' title='bbox 1110 3103 1153 3162; x_wconf 90' lang='lat' dir='ltr'><strong>De</strong></span> <span class='ocrx_word' id='word_1_303' title='bbox 1168 3101 1320 3163; x_wconf 88' lang='lat' dir='ltr'><strong>temulent.</strong></span> 
     </span>
     <span class='ocr_line' id='line_1_34' title="bbox 236 3185 1321 3249; baseline -0.006 0"><span class='ocrx_word' id='word_1_304' title='bbox 236 3189 309 3249; x_wconf 88' lang='grc'><strong>200.</strong></span> <span class='ocrx_word' id='word_1_305' title='bbox 325 3186 357 3245; x_wconf 87' lang='lat' dir='ltr'><strong>B.</strong></span> <span class='ocrx_word' id='word_1_306' title='bbox 372 3194 401 3245; x_wconf 88' lang='lat' dir='ltr'><strong>et</strong></span> <span class='ocrx_word' id='word_1_307' title='bbox 420 3187 452 3248; x_wconf 88' lang='lat' dir='ltr'><strong>C.</strong></span> <span class='ocrx_word' id='word_1_308' title='bbox 474 3187 547 3248; x_wconf 86' lang='lat' dir='ltr'><strong>Item</strong></span> <span class='ocrx_word' id='word_1_309' title='bbox 560 3185 721 3247; x_wconf 84' lang='lat' dir='ltr'><strong>Scholiasta</strong></span> <span class='ocrx_word' id='word_1_310' title='bbox 736 3185 774 3244; x_wconf 90' lang='lat' dir='ltr'><strong>ad</strong></span> <span class='ocrx_word' id='word_1_311' title='bbox 787 3187 816 3244; x_wconf 90' lang='lat' dir='ltr'><strong>S.</strong></span> <span class='ocrx_word' id='word_1_312' title='bbox 832 3187 950 3245; x_wconf 89' lang='lat' dir='ltr'><strong>loannis</strong></span> <span class='ocrx_word' id='word_1_313' title='bbox 964 3187 1086 3247; x_wconf 90' lang='lat' dir='ltr'><strong>Climaci</strong></span> <span class='ocrx_word' id='word_1_314' title='bbox 1098 3187 1215 3245; x_wconf 87' lang='lat' dir='ltr'><strong>Scalam</strong></span> <span class='ocrx_word' id='word_1_315' title='bbox 1228 3187 1321 3246; x_wconf 83' lang='lat' dir='ltr'><strong>Para·</strong></span> 
     </span>
    </p>

    <p class='ocr_par' dir='ltr' id='par_1_10' title="bbox 235 3267 1321 3440">
     <span class='ocr_line' id='line_1_35' title="bbox 236 3267 1321 3353; baseline 0.001 -21"><span class='ocrx_word' id='word_1_316' title='bbox 236 3267 290 3324; x_wconf 70' lang='lat' dir='ltr'><strong>dis·</strong></span> <span class='ocrx_word' id='word_1_317' title='bbox 310 3273 357 3334; x_wconf 84' lang='lat'><strong>19.</strong></span> <span class='ocrx_word' id='word_1_318' title='bbox 377 3271 408 3334; x_wconf 85' lang='lat' dir='ltr'><strong>C.</strong></span> <span class='ocrx_word' id='word_1_319' title='bbox 427 3271 540 3351; x_wconf 89' lang='lat' dir='ltr'><strong>aliquot</strong></span> <span class='ocrx_word' id='word_1_320' title='bbox 554 3271 701 3353; x_wconf 88' lang='lat' dir='ltr'><strong>simplices</strong></span> <span class='ocrx_word' id='word_1_321' title='bbox 712 3268 845 3330; x_wconf 86' lang='lat' dir='ltr'><strong>homines</strong></span> <span class='ocrx_word' id='word_1_322' title='bbox 856 3270 1070 3333; x_wconf 81' lang='lat' dir='ltr'><strong>incredibiliter</strong></span> <span class='ocrx_word' id='word_1_323' title='bbox 1083 3271 1258 3347; x_wconf 86' lang='lat' dir='ltr'><strong>ieiunantes,</strong></span> <span class='ocrx_word' id='word_1_324' title='bbox 1269 3268 1321 3333; x_wconf 77' lang='lat' dir='ltr'><strong>sat</strong></span> 
     </span>
     <span class='ocr_line' id='line_1_36' title="bbox 235 3343 1320 3440; baseline 0.004 -30"><span class='ocrx_word' id='word_1_325' title='bbox 235 3343 411 3432; x_wconf 79' lang='grc' dir='ltr'><strong><em>αἶδιακρίτως</em></strong></span> <span class='ocrx_word' id='word_1_326' title='bbox 423 3357 477 3440; x_wconf 73' lang='grc' dir='ltr'><strong>βίᾳ</strong></span> <span class='ocrx_word' id='word_1_327' title='bbox 490 3352 614 3429; x_wconf 75' lang='grc' dir='ltr'><strong><em>ίαντοδς</em></strong></span> <span class='ocrx_word' id='word_1_328' title='bbox 630 3350 780 3430; x_wconf 74' lang='grc' dir='ltr'><strong><em>ἐκδόντες,</em></strong></span> <span class='ocrx_word' id='word_1_329' title='bbox 802 3351 1076 3435; x_wconf 77' lang='grc' dir='ltr'><strong><em>διαπεφωνήκασιν,</em></strong></span> <span class='ocrx_word' id='word_1_330' title='bbox 1091 3355 1320 3414; x_wconf 77' lang='lat' dir='ltr'><strong>succubuerunt.</strong></span> 
     </span>
    </p>

    <p class='ocr_par' dir='ltr' id='par_1_11' title="bbox 234 3431 1323 3521">
     <span class='ocr_line' id='line_1_37' title="bbox 234 3431 1323 3521; baseline 0.009 -29"><span class='ocrx_word' id='word_1_331' title='bbox 234 3431 275 3492; x_wconf 89' lang='lat' dir='ltr'><strong>Et</strong></span> <span class='ocrx_word' id='word_1_332' title='bbox 289 3433 435 3515; x_wconf 88' lang='lat' dir='ltr'><strong>Apsyrtus</strong></span> <span class='ocrx_word' id='word_1_333' title='bbox 454 3441 487 3498; x_wconf 89' lang='lat' dir='ltr'><strong>in</strong></span> <span class='ocrx_word' id='word_1_334' title='bbox 501 3439 695 3521; x_wconf 86' lang='lat' dir='ltr'><strong>Hippiatrieis</strong></span> <span class='ocrx_word' id='word_1_335' title='bbox 710 3442 780 3507; x_wconf 82' lang='grc'><strong>256.</strong></span> <span class='ocrx_word' id='word_1_336' title='bbox 797 3442 830 3501; x_wconf 75' lang='lat' dir='ltr'><strong>(l.</strong></span> <span class='ocrx_word' id='word_1_337' title='bbox 855 3439 891 3498; x_wconf 89' lang='lat' dir='ltr'><strong>ds</strong></span> <span class='ocrx_word' id='word_1_338' title='bbox 912 3460 1003 3519; x_wconf 89' lang='lat' dir='ltr'><strong>equo,</strong></span> <span class='ocrx_word' id='word_1_339' title='bbox 1024 3441 1168 3503; x_wconf 82' lang='grc' dir='ltr'><strong><em>κίνδυνον</em></strong></span> <span class='ocrx_word' id='word_1_340' title='bbox 1187 3431 1245 3503; x_wconf 75' lang='grc' dir='ltr'><strong>οὖν</strong></span> <span class='ocrx_word' id='word_1_341' title='bbox 1263 3439 1323 3514; x_wconf 71' lang='grc' dir='ltr'><strong><em>ἕξει</em></strong></span> 
     </span>
    </p>

    <p class='ocr_par' dir='ltr' id='par_1_12' title="bbox 126 3519 1321 3772">
     <span class='ocr_line' id='line_1_38' title="bbox 126 3519 1320 3614; baseline -0.001 -31"><span class='ocrx_word' id='word_1_342' title='bbox 126 3525 154 3582; x_wconf 84' lang='grc' dir='ltr'><strong>Ρ.</strong></span> <span class='ocrx_word' id='word_1_343' title='bbox 171 3525 222 3583; x_wconf 79' lang='lat'><strong>192</strong></span> <span class='ocrx_word' id='word_1_344' title='bbox 238 3519 435 3614; x_wconf 78' lang='grc' dir='ltr'><strong><em>διαφανῆναι.</em></strong></span> <span class='ocrx_word' id='word_1_345' title='bbox 475 3523 543 3582; x_wconf 87' lang='lat' dir='ltr'><strong>Non</strong></span> <span class='ocrx_word' id='word_1_346' title='bbox 563 3524 653 3603; x_wconf 88' lang='lat' dir='ltr'><strong>pauci</strong></span> <span class='ocrx_word' id='word_1_347' title='bbox 671 3534 770 3583; x_wconf 87' lang='lat' dir='ltr'><strong>tamen</strong></span> <span class='ocrx_word' id='word_1_348' title='bbox 790 3522 900 3585; x_wconf 89' lang='lat' dir='ltr'><strong>eruditi</strong></span> <span class='ocrx_word' id='word_1_349' title='bbox 918 3524 995 3606; x_wconf 81' lang='lat' dir='ltr'><strong>lapsi</strong></span> <span class='ocrx_word' id='word_1_350' title='bbox 1014 3533 1085 3585; x_wconf 89' lang='lat' dir='ltr'><strong>sunt</strong></span> <span class='ocrx_word' id='word_1_351' title='bbox 1102 3524 1136 3584; x_wconf 93' lang='lat' dir='ltr'><strong>in</strong></span> <span class='ocrx_word' id='word_1_352' title='bbox 1149 3524 1209 3584; x_wconf 91' lang='lat' dir='ltr'><strong>hoc</strong></span> <span class='ocrx_word' id='word_1_353' title='bbox 1229 3525 1320 3584; x_wconf 87' lang='lat' dir='ltr'><strong>verbo</strong></span> 
     </span>
     <span class='ocr_line' id='line_1_39' title="bbox 235 3601 1320 3688; baseline 0.012 -29"><span class='ocrx_word' id='word_1_354' title='bbox 235 3605 469 3683; x_wconf 74' lang='lat' dir='ltr'><strong>interpretando.</strong></span> <span class='ocrx_word' id='word_1_355' title='bbox 504 3607 594 3666; x_wconf 87' lang='lat' dir='ltr'><strong>Velut</strong></span> <span class='ocrx_word' id='word_1_356' title='bbox 608 3609 688 3688; x_wconf 87' lang='lat' dir='ltr'><strong>apud</strong></span> <span class='ocrx_word' id='word_1_357' title='bbox 705 3607 823 3668; x_wconf 85' lang='lat' dir='ltr'><strong>Philon.</strong></span> <span class='ocrx_word' id='word_1_358' title='bbox 838 3608 882 3668; x_wconf 84' lang='lat' dir='ltr'><strong>De</strong></span> <span class='ocrx_word' id='word_1_359' title='bbox 894 3610 1006 3668; x_wconf 86' lang='lat' dir='ltr'><strong>nomin.</strong></span> <span class='ocrx_word' id='word_1_360' title='bbox 1018 3617 1124 3670; x_wconf 82' lang='lat' dir='ltr'><strong>mutat.</strong></span> <span class='ocrx_word' id='word_1_361' title='bbox 1136 3613 1207 3676; x_wconf 84' lang='grc'><strong>822</strong></span> <span class='ocrx_word' id='word_1_362' title='bbox 1220 3609 1253 3668; x_wconf 82' lang='grc' dir='ltr'><strong>Β.</strong></span> <span class='ocrx_word' id='word_1_363' title='bbox 1270 3601 1320 3672; x_wconf 70' lang='grc' dir='ltr'><strong><em>πόε</em></strong></span> 
     </span>
     <span class='ocr_line' id='line_1_40' title="bbox 236 3681 1321 3772; baseline 0.006 -25"><span class='ocrx_word' id='word_1_364' title='bbox 236 3689 338 3766; x_wconf 81' lang='grc' dir='ltr'><strong><em>ίεμνς,</em></strong></span> <span class='ocrx_word' id='word_1_365' title='bbox 360 3687 394 3750; x_wconf 81' lang='grc' dir='ltr'><strong>ἒν</strong></span> <span class='ocrx_word' id='word_1_366' title='bbox 409 3681 434 3772; x_wconf 83' lang='lat' dir='ltr'><strong>ql</strong></span> <span class='ocrx_word' id='word_1_367' title='bbox 450 3693 510 3752; x_wconf 79' lang='grc' dir='ltr'><strong>τόν</strong></span> <span class='ocrx_word' id='word_1_368' title='bbox 524 3689 783 3772; x_wconf 71' lang='grc' dir='ltr'><strong><em>διαγωνισαμένων</em></strong></span> <span class='ocrx_word' id='word_1_369' title='bbox 806 3687 993 3772; x_wconf 82' lang='grc' dir='ltr'><strong><em>διεφόνησεν</em></strong></span> <span class='ocrx_word' id='word_1_370' title='bbox 1007 3687 1123 3769; x_wconf 78' lang='grc' dir='ltr'><strong><em>ον’δείς,</em></strong></span> <span class='ocrx_word' id='word_1_371' title='bbox 1145 3688 1213 3755; x_wconf 76' lang='lat' dir='ltr'><strong>itt’</strong></span> <span class='ocrx_word' id='word_1_372' title='bbox 1230 3689 1321 3772; x_wconf 80' lang='grc' dir='ltr'><strong><em>ίίιμω·</em></strong></span> 
     </span>
    </p>

    <p class='ocr_par' dir='ltr' id='par_1_13' title="bbox 236 3770 1318 3854">
     <span class='ocr_line' id='line_1_41' title="bbox 236 3770 1318 3854; baseline 0.006 -25"><span class='ocrx_word' id='word_1_373' title='bbox 236 3790 286 3842; x_wconf 76' lang='grc' dir='ltr'><strong><em>νος</em></strong></span> <span class='ocrx_word' id='word_1_374' title='bbox 301 3770 353 3834; x_wconf 83' lang='grc' dir='ltr'><strong>καί</strong></span> <span class='ocrx_word' id='word_1_375' title='bbox 365 3777 440 3854; x_wconf 77' lang='grc' dir='ltr'><strong><em>σῷος</em></strong></span> <span class='ocrx_word' id='word_1_376' title='bbox 454 3772 621 3854; x_wconf 77' lang='grc' dir='ltr'><strong><em>ίιιανῆίθι·</em></strong></span> <span class='ocrx_word' id='word_1_377' title='bbox 643 3795 749 3838; x_wconf 85' lang='lat' dir='ltr'><strong>versor</strong></span> <span class='ocrx_word' id='word_1_378' title='bbox 759 3787 796 3837; x_wconf 92' lang='lat' dir='ltr'><strong>ut</strong></span> <span class='ocrx_word' id='word_1_379' title='bbox 807 3779 911 3838; x_wconf 88' lang='lat' dir='ltr'><strong>Petrus</strong></span> <span class='ocrx_word' id='word_1_380' title='bbox 925 3778 1067 3838; x_wconf 78' lang='lat' dir='ltr'><strong>Metellus</strong></span> <span class='ocrx_word' id='word_1_381' title='bbox 1086 3787 1167 3838; x_wconf 85' lang='lat' dir='ltr'><strong>recte</strong></span> <span class='ocrx_word' id='word_1_382' title='bbox 1186 3777 1318 3848; x_wconf 80' lang='lat' dir='ltr'><strong>verterit,</strong></span> 
     </span>
    </p>

    <p class='ocr_par' dir='ltr' id='par_1_14' title="bbox 232 3855 1323 4365">
     <span class='ocr_line' id='line_1_42' title="bbox 236 3855 1321 3942; baseline 0.008 -31"><span class='ocrx_word' id='word_1_383' title='bbox 236 3857 268 3912; x_wconf 86' lang='grc' dir='ltr'><strong>ιἰι</strong></span> <span class='ocrx_word' id='word_1_384' title='bbox 284 3872 343 3933; x_wconf 85' lang='lat' dir='ltr'><strong>quo</strong></span> <span class='ocrx_word' id='word_1_385' title='bbox 357 3855 570 3918; x_wconf 83' lang='lat' dir='ltr'><strong>dirnicantium</strong></span> <span class='ocrx_word' id='word_1_386' title='bbox 583 3881 665 3920; x_wconf 82' lang='grc' dir='ltr'><strong><em>ιιειιιο</em></strong></span> <span class='ocrx_word' id='word_1_387' title='bbox 682 3861 798 3920; x_wconf 79' lang='lat' dir='ltr'><strong>discors</strong></span> <span class='ocrx_word' id='word_1_388' title='bbox 811 3865 887 3936; x_wconf 81' lang='lat' dir='ltr'><strong>fuit.</strong></span> <span class='ocrx_word' id='word_1_389' title='bbox 929 3862 967 3922; x_wconf 89' lang='lat' dir='ltr'><strong>Et</strong></span> <span class='ocrx_word' id='word_1_390' title='bbox 976 3861 1049 3923; x_wconf 85' lang='lat' dir='ltr'><strong>haee</strong></span> <span class='ocrx_word' id='word_1_391' title='bbox 1062 3860 1186 3942; x_wconf 74' lang='lat' dir='ltr'><strong>Apsyrti</strong></span> <span class='ocrx_word' id='word_1_392' title='bbox 1200 3863 1233 3921; x_wconf 91' lang='lat' dir='ltr'><strong>in</strong></span> <span class='ocrx_word' id='word_1_393' title='bbox 1247 3861 1321 3942; x_wconf 86' lang='lat' dir='ltr'><strong>Hip-</strong></span> 
     </span>
     <span class='ocr_line' id='line_1_43' title="bbox 233 3937 1321 4028; baseline 0.009 -33"><span class='ocrx_word' id='word_1_394' title='bbox 233 3937 322 4019; x_wconf 85' lang='lat' dir='ltr'><strong>piatr·</strong></span> <span class='ocrx_word' id='word_1_395' title='bbox 339 3945 409 4008; x_wconf 88' lang='grc'><strong>260.</strong></span> <span class='ocrx_word' id='word_1_396' title='bbox 427 3943 460 4003; x_wconf 90' lang='grc' dir='ltr'><strong>Β.</strong></span> <span class='ocrx_word' id='word_1_397' title='bbox 483 3944 632 4022; x_wconf 85' lang='grc' dir='ltr'><strong><em>διαφωνεῖ</em></strong></span> <span class='ocrx_word' id='word_1_398' title='bbox 650 3941 682 4006; x_wconf 69' lang='grc' dir='ltr'><strong>δὲ</strong></span> <span class='ocrx_word' id='word_1_399' title='bbox 702 3945 829 4028; x_wconf 73' lang='grc' dir='ltr'><strong><em>ῥᾳδίως,</em></strong></span> <span class='ocrx_word' id='word_1_400' title='bbox 853 3945 985 4007; x_wconf 77' lang='lat' dir='ltr'><strong>noenius</strong></span> <span class='ocrx_word' id='word_1_401' title='bbox 1001 3947 1034 4006; x_wconf 88' lang='lat' dir='ltr'><strong>in</strong></span> <span class='ocrx_word' id='word_1_402' title='bbox 1051 3947 1197 4007; x_wconf 85' lang='lat' dir='ltr'><strong>Medicina</strong></span> <span class='ocrx_word' id='word_1_403' title='bbox 1212 3947 1321 4008; x_wconf 82' lang='lat' dir='ltr'><strong>veteri·</strong></span> 
     </span>
     <span class='ocr_line' id='line_1_44' title="bbox 234 4026 1320 4109; baseline 0.006 -28"><span class='ocrx_word' id='word_1_404' title='bbox 234 4043 299 4084; x_wconf 90' lang='lat' dir='ltr'><strong>nar.</strong></span> <span class='ocrx_word' id='word_1_405' title='bbox 317 4029 386 4091; x_wconf 84' lang='lat'><strong>101.</strong></span> <span class='ocrx_word' id='word_1_406' title='bbox 409 4026 442 4086; x_wconf 89' lang='lat' dir='ltr'><strong>B.</strong></span> <span class='ocrx_word' id='word_1_407' title='bbox 465 4039 645 4108; x_wconf 82' lang='lat' dir='ltr'><strong>quapropter</strong></span> <span class='ocrx_word' id='word_1_408' title='bbox 653 4030 755 4106; x_wconf 85' lang='lat' dir='ltr'><strong>facile</strong></span> <span class='ocrx_word' id='word_1_409' title='bbox 771 4027 931 4109; x_wconf 80' lang='lat' dir='ltr'><strong>despondet</strong></span> <span class='ocrx_word' id='word_1_410' title='bbox 951 4033 1097 4091; x_wconf 86' lang='lat' dir='ltr'><strong>animum.</strong></span> <span class='ocrx_word' id='word_1_411' title='bbox 1139 4032 1238 4109; x_wconf 90' lang='lat' dir='ltr'><strong>Atque</strong></span> <span class='ocrx_word' id='word_1_412' title='bbox 1255 4039 1320 4088; x_wconf 89' lang='lat' dir='ltr'><strong>tan-</strong></span> 
     </span>
     <span class='ocr_line' id='line_1_45' title="bbox 234 4109 1320 4196; baseline 0.01 -32"><span class='ocrx_word' id='word_1_413' title='bbox 234 4117 298 4166; x_wconf 82' lang='lat' dir='ltr'><strong>tuna</strong></span> <span class='ocrx_word' id='word_1_414' title='bbox 308 4109 499 4172; x_wconf 73' lang='lat' dir='ltr'><strong>nonridicule</strong></span> <span class='ocrx_word' id='word_1_415' title='bbox 508 4113 753 4196; x_wconf 78' lang='lat' dir='ltr'><strong>Montesalconius</strong></span> <span class='ocrx_word' id='word_1_416' title='bbox 768 4116 847 4194; x_wconf 87' lang='lat' dir='ltr'><strong>apud</strong></span> <span class='ocrx_word' id='word_1_417' title='bbox 854 4114 958 4175; x_wconf 89' lang='lat' dir='ltr'><strong>Euseb.</strong></span> <span class='ocrx_word' id='word_1_418' title='bbox 969 4117 1131 4176; x_wconf 74' lang='lat' dir='ltr'><strong>comment.</strong></span> <span class='ocrx_word' id='word_1_419' title='bbox 1142 4116 1174 4174; x_wconf 91' lang='lat' dir='ltr'><strong>in</strong></span> <span class='ocrx_word' id='word_1_420' title='bbox 1185 4115 1290 4174; x_wconf 80' lang='lat' dir='ltr'><strong>Psalns.</strong></span> <span class='ocrx_word' id='word_1_421' title='bbox 1298 4117 1320 4175; x_wconf 86' lang='lat' dir='ltr'><strong>l.</strong></span> 
     </span>
     <span class='ocr_line' id='line_1_46' title="bbox 234 4194 1323 4282; baseline 0.006 -26"><span class='ocrx_word' id='word_1_422' title='bbox 234 4195 305 4258; x_wconf 89' lang='grc'><strong>259.</strong></span> <span class='ocrx_word' id='word_1_423' title='bbox 325 4195 358 4254; x_wconf 85' lang='grc' dir='ltr'><strong>Ε.</strong></span> <span class='ocrx_word' id='word_1_424' title='bbox 382 4195 419 4255; x_wconf 89' lang='lat' dir='ltr'><strong>de</strong></span> <span class='ocrx_word' id='word_1_425' title='bbox 437 4199 572 4257; x_wconf 87' lang='lat' dir='ltr'><strong>secundis</strong></span> <span class='ocrx_word' id='word_1_426' title='bbox 590 4199 764 4258; x_wconf 77' lang='lat' dir='ltr'><strong>mulierams</strong></span> <span class='ocrx_word' id='word_1_427' title='bbox 785 4194 883 4280; x_wconf 74' lang='grc' dir='ltr'><strong><em>ὥσπερ</em></strong></span> <span class='ocrx_word' id='word_1_428' title='bbox 907 4203 1028 4282; x_wconf 75' lang='grc' dir='ltr'><strong><em>χωρίον,</em></strong></span> <span class='ocrx_word' id='word_1_429' title='bbox 1049 4204 1247 4282; x_wconf 82' lang='grc' dir='ltr'><strong><em>προχωρῆσαν</em></strong></span> <span class='ocrx_word' id='word_1_430' title='bbox 1262 4195 1323 4263; x_wconf 70' lang='lat' dir='ltr'><strong>dut</strong></span> 
     </span>
     <span class='ocr_line' id='line_1_47' title="bbox 232 4274 1319 4365; baseline 0.006 -30"><span class='ocrx_word' id='word_1_431' title='bbox 232 4274 388 4354; x_wconf 76' lang='grc' dir='ltr'><strong><em>γυναικός,</em></strong></span> <span class='ocrx_word' id='word_1_432' title='bbox 412 4274 552 4363; x_wconf 78' lang='grc' dir='ltr'><strong><em>νιίδεμιός</em></strong></span> <span class='ocrx_word' id='word_1_433' title='bbox 567 4281 676 4364; x_wconf 82' lang='grc' dir='ltr'><strong><em>μεείχει</em></strong></span> <span class='ocrx_word' id='word_1_434' title='bbox 697 4285 792 4363; x_wconf 78' lang='grc' dir='ltr'><strong><em>ζωῆς,</em></strong></span> <span class='ocrx_word' id='word_1_435' title='bbox 814 4283 957 4346; x_wconf 76' lang='grc' dir='ltr'><strong><em>διαλυθὲν</em></strong></span> <span class='ocrx_word' id='word_1_436' title='bbox 979 4284 1014 4350; x_wconf 73' lang='grc' dir='ltr'><strong>δὲ</strong></span> <span class='ocrx_word' id='word_1_437' title='bbox 1036 4287 1197 4364; x_wconf 72' lang='grc' dir='ltr'><strong><em>διαφωνεῖ·</em></strong></span> <span class='ocrx_word' id='word_1_438' title='bbox 1221 4305 1319 4365; x_wconf 71' lang='grc' dir='ltr'><strong><em>φινκε</em></strong></span> 
     </span>
    </p>
   </div>
   <div class='ocr_carea' id='block_1_3' title="bbox 0 0 1398 4616">
    <p class='ocr_par' dir='ltr' id='par_1_15' title="bbox 0 0 1398 4616">
     <span class='ocr_line' id='line_1_48' title="bbox 0 0 1398 4616; baseline 0 0"><span class='ocrx_word' id='word_1_439' title='bbox 0 0 1398 4616; x_wconf 95' lang='lat' dir='ltr'><strong> </strong></span> 
     </span>
    </p>
   </div>
  </div>
 </body>
</html>
