2788 4616
302 304 387 374 1ιο
406 303 561 376 neonis
580 305 762 380 nucem
780 255 857 377 nir.
877 309 918 378 n
1084 297 1161 380 417

68 463 130 530 ἔδει
149 458 207 542 εἴφ’
227 459 315 544 ὁμοῖν
342 461 574 546 τλπυλειφθῆναι
595 465 706 544 πλστει,
733 467 895 552 νουθεσίᾳ,
921 465 1073 557 ν’πομονῇ.
1114 475 1160 538 Ita

67 551 150 611 enim
166 548 298 608 arbitror
312 565 413 608 veram
431 567 493 608 esse
501 549 668 610 lectionem.
710 549 800 611 Vetus
817 551 961 632 interpres
978 555 1097 616 ridetur
1111 559 1159 620 le-

66 635 147 714 gisse
167 633 404 714 ὖποληφθτῖνωι·
434 636 540 712 vertit,
569 655 615 693 me
637 636 714 693 enim
735 638 868 714 oportuit
887 657 909 695 ο
924 639 1010 696 vobis
1033 647 1156 723 rures'ps'.

66 719 206 800 Simplex
226 713 362 796 diripere
379 739 436 800 pro
453 721 581 778 ἰοοιζτονε
596 717 685 778 hahet
696 720 745 778 vel
764 721 911 781 Cedrenus
927 721 963 780 11.
976 729 1045 791 678.
1059 729 1094 787 D.

154 800 233 865 Ibid.
254 803 310 862 lin.
332 806 382 868 18.
395 798 498 865 “Ano
519 801 574 884 μὲν
594 800 627 868 τό
650 797 729 865 καθ’
747 803 846 885 ἡμᾶς]
869 807 952 880 Quae
970 809 1028 868 Leo
1040 811 1182 876 PhocesB

65 885 119 948 hic
135 886 348 964 concionatur,
370 888 495 948 imitatio
517 897 588 948 sunt
610 887 753 950 orationis
773 889 907 950 Belirarii
927 890 966 950 ad
987 897 1155 976 exeritum,

66 973 150 1054 apud
175 971 327 1049 Agrthiam
348 976 418 1038 161.
434 973 465 1030 0.
1025 1013 1030 1024 ,

158 1059 230 1134 Pag·
250 1048 299 1122 21.
321 1055 376 1116 lin.
397 1055 426 1122 5.
447 1047 620 1138 ἆξιόμαχου]
642 1055 769 1119 Reddidi
778 1058 1012 1138 firmissimum.-
1032 1063 1157 1126 sonnio

66 1140 181 1203 rectius
193 1161 308 1219 parem.
531 1155 536 1164 ·

74 1265 77 1280 .
155 1223 233 1284 lbid.
254 1227 307 1284 lin.
330 1227 378 1289 19.
400 1223 587 1288 δουλοῦσθαι
611 1224 703 1290 εἴωθε
727 1222 764 1289 eri
785 1224 921 1308 πολέμου]
941 1230 999 1290 Leo
1013 1232 1156 1312 frequen-

65 1319 113 1370 tat
134 1319 308 1388 utrumque,
329 1306 469 1389 πολέμιος
484 1319 513 1367 et
526 1305 693 1390 πολεμικός.
721 1304 852 1392 Ἀγοθόν
866 1310 903 1373 soi
914 1314 1039 1395 πολέμου
1054 1324 1103 1382 20.
1122 1319 1155 1380 0.

66 1398 122 1460 28.
137 1395 171 1453 Β.
186 1393 242 1474 (ex
254 1391 380 1472 Agathia
399 1398 448 1458 17.
463 1393 498 1452 Δ.
514 1395 564 1460 25.
576 1394 608 1456 Β.
623 1398 675 1460 30.
690 1391 745 1472 Β.)
758 1389 924 1477 ου’τυυργόυ
937 1421 967 1459 τε
980 1396 1017 1461 eoi
1030 1400 1157 1482 πολέμου

16 1541 40 1552 ,
67 1475 120 1544 12.
134 1478 169 1537 Δ.
186 1473 418 1560 δραστικώτατον
428 1472 466 1540 τὰ
478 1477 603 1558 πολέμου
611 1479 662 1544 54.
675 1479 709 1536 0.
726 1475 843 1559 ἒξήστει
857 1475 894 1541 rol
905 1504 936 1541 π.
946 1489 998 1548 22.
1012 1482 1045 1542 Β.
1058 1507 1157 1547 νεουο-

66 1557 142 1637 uode
159 1558 195 1624 τό
215 1562 340 1644 πολέμου
365 1563 414 1629 62
433 1563 468 1626 Β.
489 1563 647 1642 Dionysius
664 1583 782 1643 quoque
797 1563 1061 1626 Halicarnassensis
1079 1567 1157 1630 diris

64 1641 104 1708 sd
118 1646 244 1727 πολέμου
258 1643 363 1722 δεινός,
385 1647 428 1706 οο
444 1646 573 1726 Lysiae.
588 1647 658 1712 481.
676 1648 709 1712 d.
724 1649 833 1708 Contra
847 1648 989 1730 relapsuri
1004 1653 1062 1712 Leo
1075 1656 1105 1718 3.
1120 1655 1155 1715 D.

65 1729 126 1790 hire
152 1733 201 1798 14.
216 1734 248 1791 0.
262 1736 314 1798 31.
330 1733 364 1790 Β.
378 1735 429 1797 39.
440 1732 476 1790 Δ.
490 1733 542 1798 75.
558 1732 591 1796 0.
621 1731 756 1812 Πολέμου
773 1732 926 1812 Agathies,
948 1757 1034 1816 quem
1054 1747 1157 1797 noster

64 1815 215 1894 imitatur,
238 1835 324 1898 saepe
344 1812 400 1898 (ut
414 1835 497 1876 nune
512 1816 631 1895 quidem
644 1827 714 1878 sunt
728 1813 817 1899 edd.)
837 1819 968 1896 adhibet,
993 1826 1042 1886 19.
1054 1823 1086 1882 B.
1102 1826 1158 1887 31:

64 1901 101 1962 A.
123 1901 174 1965 66.
200 1903 234 1961 Β.
260 1905 310 1967 60.
329 1900 362 1960 Β.
384 1905 435 1966 78-
459 1901 489 1960 0.
507 1902 616 1975 5921.
636 1904 706 1968 105.
721 1903 755 1962 Β.
769 1908 840 1968 117.
851 1903 882 1963 Β.
903 1905 972 1970 159.
991 1906 1021 1964 0.
1036 1911 1107 1972 161.
1120 1905 1155 1967 Β.

64 1989 138 2052 162.
165 1984 199 2043 Δ.
221 1980 366 2064 πολεμικὰ
385 1985 498 2062 rarius,
522 1989 591 2051 130.
606 1984 640 2042 B.
661 1991 730 2052 160.
748 1987 781 2048 A.
797 1987 950 2053 Caeterum
962 1989 1048 2048 locus
1069 2011 1155 2050 com-

63 2068 168 2128 munis
182 2070 263 2149 apud
275 2071 401 2128 Leonem
414 2069 597 2128 commodius
608 2069 651 2128 sie
662 2071 819 2131 reddatur:
841 2075 935 2150 Saepe
948 2077 1026 2130 enim
1036 2097 1084 2132 res
1096 2075 1154 2132 Ιιο-

64 2157 163 2212 εσίιιιπ
176 2156 262 2232 impr.
275 2158 333 2218 ine.
340 2155 556 2233 percelluntur,
577 2157 796 2235 repentinisque
808 2159 1154 2236 aggreesionibuefran-

62 2247 187 2318 guntur
205 2239 277 2296 elati
291 2251 380 2318 atque
399 2241 573 2320 impotentes
587 2241 691 2303 animi.
733 2241 768 2300 In
783 2240 919 2300 versione
932 2261 1015 2300 secus
1028 2253 1082 2301 est.
1156 2253 1180 2308 ο

153 2326 227 2402 Pag-
239 2329 299 2391 ,22
321 2325 375 2384 lin.
396 2331 446 2390 10.
467 2320 520 2397 τοὶς
539 2317 720 2398 ἕπεξελόσεις
737 2324 885 2404 ἐποιεῖτο]
904 2325 998 2386 Voces
1015 2325 1152 2402 ἔπεξέλα-

62 2423 113 2481 σος
132 2415 162 2466 et
178 2407 349 2484 ὖπεξέλυσις
368 2428 431 2468 non
454 2417 525 2469 sunt
537 2409 569 2466 in
584 2407 716 2468 hericis:
736 2408 793 2469 hae
805 2409 899 2468 utitur
912 2411 969 2469 Leo
985 2413 1083 2476 121).
1098 2412 1153 2472 illa

62 2490 159 2552 hicet
180 2495 231 2559 82.
253 2494 288 2554 Δ.
306 2494 401 2560 ten.
417 2494 451 2558 0.
466 2500 515 2559 77.
533 2493 564 2551 0.
583 2497 632 2560 82.
643 2494 676 2553 Β.
707 2489 922 2574 Πορεξελοόνω
936 2501 987 2561 92.
1002 2496 1034 2555 Β.
1053 2507 1082 2555 et
1100 2498 1151 2564 94.

62 2577 97 2636 0.
123 2574 184 2650 Tele
203 2572 356 2651 ἐπελάσεις
366 2577 522 2641 ἐποιοῦντο
536 2577 624 2637 hahet
637 2578 775 2657 Agathias
790 2579 840 2646 25.
853 2578 887 2638 A.
904 2583 954 2644 33.
972 2580 1003 2640 0.

150 2659 228 2721 ldid.
250 2663 305 2725 lm.
329 2667 377 2728 12.
398 2667 443 2748 πῇ
462 2660 495 2725 δὲ
515 2658 707 2746 προοδεόων]
731 2663 857 2725 Verbum
879 2657 1034 2745 προοδεόω
1058 2663 1151 2723 τοίνυν

61 2745 137 2806 item
152 2746 185 2805 in
198 2747 314 2806 Lexieis
328 2746 476 2824 omissum,
498 2767 566 2806 cum
580 2757 711 2824 utantur,
724 2757 841 2829 praeter
848 2749 975 2808 Leonem
988 2748 1060 2824 h.l.‚
1073 2749 1150 2808 scri-

60 2840 165 2914 ptores
183 2831 257 2890 hene
278 2831 373 2891 multi.
415 2833 443 2890 S.
467 2832 593 2891 loannes
615 2831 765 2911 chrysost.
787 2833 822 2892 In
842 2833 989 2894 nativitat.
1008 2852 1152 2911 praecur-

61 2916 138 2975 soris
153 2916 215 2978 vti
229 2919 299 2982 393.
314 2922 364 2982 27.
383 2911 551 2996 όἸωόννης
562 2913 735 2997 προοδεόων
747 2921 804 2980 τοῦ
817 2918 942 2998 Κυρίου.
985 2917 1014 2975 S.
1024 2917 1152 2976 Basilius

60 3001 130 3062 Non
150 3000 369 3064 adhaerendum
392 3019 453 3060 esse
477 3002 563 3060 rebus
581 3001 726 3061 saecular.
740 3002 762 3061 Ι.
778 3002 849 3068 669.
866 3002 896 3061 G.
912 3001 944 3064 οἴ
957 2998 989 3063 δὲ
1004 2994 1151 3080 προσδεό-

61 3103 169 3158 σοωτες
191 3079 335 3166 ἐνέμενον
347 3082 401 3149 τόν
414 3080 610 3164 φυτεύσαντα.
652 3086 736 3158 Quae
748 3087 813 3166 ipsa
824 3084 916 3144 verba
929 3084 1019 3144 iterat
1033 3084 1152 3143 Nicetes
1208 3152 1212 3162 Ι

61 3169 223 3231 Heracleae
244 3170 434 3250 metropolite
460 3171 567 3229 Catenn
598 3170 631 3228 in
654 3171 800 3235 lobene.
824 3170 854 3232 0.
898 3169 972 3228 Item
992 3168 1151 3247 participio

62 3250 238 3336 προοὸεόωυ
258 3255 420 3314 Germanus
432 3254 604 3334 Gpolitanus
618 3254 701 3317 Oret.
713 3253 746 3312 in
763 3255 793 3312 S.
808 3272 925 3312 crucem
937 3255 1009 3318 320.
1025 3253 1059 3312 Β.
1074 3251 1152 3313 Fre-

63 3339 203 3420 quentius
215 3349 311 3400 tamen
325 3349 487 3420 usurpatur
498 3338 689 3420 participium
703 3338 853 3417 praeterit.
868 3345 927 3397 act.
935 3381 944 3414 ,
967 3337 1051 3396 velut
1063 3357 1080 3394 ο
1093 3338 1153 3397 Lu.

61 3424 151 3482 ciam
173 3423 347 3484 Hermotim.
369 3425 392 3484 l.
415 3426 485 3491 815.
510 3428 559 3491 23.
580 3417 743 3503 ἠκολούθει
764 3429 826 3495 τοῖς
846 3426 906 3483 τοῖν
919 3415 1152 3502 προωδευκότων

61 3507 165 3588 ἴχνεσι.
208 3509 294 3568 Unde
307 3511 431 3568 larissae
446 3513 474 3568 S.
491 3507 650 3586 Gregorius
662 3507 810 3586 Nyssenus
824 3505 860 3565 In
876 3507 987 3566 Cautio.
1003 3506 1150 3565 Canticor.

61 3591 87 3654 l·
106 3594 178 3658 601.
198 3594 233 3657 Δ.
256 3599 318 3666 τοῖς
341 3595 433 3674 ἴχνεσι
453 3597 515 3656 τῶν
531 3587 760 3674 προωδευκότων
774 3585 934 3671 ἑπόμενος·
958 3600 987 3650 et
1001 3591 1177 3662 Eusebiusl)

61 3675 177 3737 Hister.
191 3678 361 3739 Ecclesiast.
377 3678 406 3744 4.
421 3678 455 3737 Δ.
468 3672 641 3761 ἀνθρώπων
662 3699 695 3762 γε
709 3672 769 3758 μήν
784 3669 923 3754 όόὸυμοῖς
937 3672 1035 3757 εόρεῖυ
1047 3669 1108 3737 οἷοί
1120 3693 1151 3736 τε

62 3757 146 3836 ἶπες
163 3761 228 3842 im
242 3759 350 3844 Wl‘v‘h
364 3760 420 3842 τὴν
435 3757 529 3844 &dedu
542 3762 618 3843 ἡμῖν
637 3755 868 3844 προωδευκότων
882 3753 961 3834 ὁδόν,
975 3779 1006 3818 ee
1020 3758 1151 3818 conscri-

60 3846 181 3908 bentem
197 3846 352 3907 historiam
365 3847 592 3907 ecelesiasticam
604 3867 718 3906 novum
730 3865 826 3925 neque
837 3845 894 3905 ulli
906 3853 991 3902 antea
1004 3853 1151 3902 tentatum

60 3931 121 3992 iter
155 3931 320 4010 ingressum
343 3932 457 4005 (minus
478 3934 584 4012 opinor
604 3939 756 3992 accurata:
784 3927 1020 4009 qnandoquidem
1037 3927 1150 4006 primae

60 4013 216 4076 historiam
237 4016 462 4076 eeclesiasticam
483 4017 651 4077 condidisse
663 4019 692 4075 S.
706 4017 800 4074 Lucas
813 4014 874 4072 diei
889 4021 1003 4092 potest,
1029 4011 1099 4070 inde
1114 4009 1151 4066 ah

60 4109 134 4160 criu
155 4099 279 4178 Christi,
302 4121 375 4179 quae
387 4099 509 4160 historia
527 4102 621 4182 ipsius
637 4100 796 4179 Evangelio
811 4107 840 4158 et
855 4098 938 4157 Actis
956 4097 1057 4175 Apost.
1076 4113 1151 4152 con-

60 4185 199 4268 tinetur).
241 4185 434 4264 Participium
455 4183 651 4267 προοιόευιιοός
667 4184 824 4266 pluraliter
837 4182 917 4266 apud
934 4183 963 4240 S.
976 4177 1151 4256 Gregorium

60 4269 188 4351 Nysaea.
215 4269 258 4330 De
279 4269 455 4332 beatitudin.
475 4275 546 4338 818.
567 4271 603 4336 Ι).
623 4266 703 4346 τινός
721 4272 783 4332 τοῖν
803 4259 1051 4352 προωδευκότων·
1073 4271 1103 4324 et
1116 4261 1153 4322 In

129 4367 185 4421 Leo
202 4367 339 4424 Diouem.
907 4354 950 4418 27
