2786 4620
258 255 333 328 568
553 257 813 334 contutum
838 259 1034 332 LEGATIO

339 419 520 500 Argolicum
531 437 592 476 non
605 427 675 475 tata
681 412 780 496 fidere
805 416 918 496 procul
930 427 989 476 esto
1003 419 1128 480 Latine.

344 503 479 580 Credere,
498 523 550 562 neo
563 513 687 561 mentem
698 502 796 562 verbis
809 499 947 560 addidere
961 515 1113 563 memento.

346 591 468 651 Vincere
481 587 555 646 dum
569 591 684 667 possit,
708 608 800 667 quam
813 598 914 645 sancte
924 590 1040 666 peierat
1055 587 1178 666 Argos!

341 679 490 734 Marmore
505 693 583 750 quae
599 675 683 729 cario
697 674 819 750 magnis
827 683 914 752 patet
927 673 994 729 alta
1005 674 1151 749 fenestris

340 763 427 820 Idaeo
441 761 592 836 inaquosa
604 756 726 830 domus,
750 757 887 815 concluso
899 759 1005 836 peroio
1018 757 1087 831 soli,

339 846 470 921 Frigora
484 843 651 920 susceperas
658 884 667 910 ,
690 852 806 898 aestum
820 863 872 898 nec
882 863 975 898 saeua
990 841 1142 920 repellens.

337 927 470 986 Praesal
481 926 520 983 ab
531 927 673 984 Ausonio
683 925 898 1003 Luitprandos
913 929 947 984 in
959 925 1031 984 urbe
1048 925 1192 984 Cremona

341 1012 632 1089 Constantinopolim
648 1012 739 1088 pacis
755 1013 911 1087 profectas
924 1032 1024 1069 amore

342 1099 497 1174 Quattuor
511 1098 633 1154 aestivis
647 1093 808 1153 concludor
823 1095 974 1153 mensibus
988 1097 1074 1154 istic:

234 1191 259 1244 u
348 1180 549 1259 induperator
566 1184 644 1238 enim
655 1184 774 1237 Bareas
788 1177 830 1252 ³⁶)
848 1179 1056 1237 conscenderat
1074 1181 1152 1253 Otto,

347 1265 445 1325 Caede
457 1265 564 1340 simul,
578 1265 776 1344 flammisque
788 1263 847 1321 sibi
863 1266 930 1322 loca
945 1263 1067 1322 subdere
1082 1277 1211 1341 tentam,

346 1348 406 1409 Sed
419 1350 561 1429 precibus
573 1361 683 1406 remeat
696 1351 853 1406 Romanas
866 1353 962 1408 victor·
976 1348 1020 1406 ad
1032 1349 1120 1408 arbes

346 1434 418 1494 Iade
432 1438 513 1494 meis.
556 1435 677 1492 Nurum
691 1436 835 1513 promisit
852 1435 982 1492 Graecia
995 1431 1131 1512 mendax,

347 1522 434 1597 Qzeae
448 1541 500 1578 nec
511 1531 588 1578 itata
594 1522 693 1595 foret,
715 1540 768 1576 nec
784 1540 829 1576 me
842 1523 954 1577 venisse
966 1518 1084 1594 doleret,

345 1607 407 1664 Nec
419 1604 532 1690 rabiem
547 1603 711 1681 Niceplrore
725 1614 811 1660 tuam
820 1603 996 1683 perpendere
1010 1606 1135 1682 quirem,

341 1691 524 1767 Privignum
535 1688 694 1767 prohibes,
717 1691 772 1766 qui
784 1700 856 1746 nato
870 1692 992 1768 iungere
1004 1689 1105 1746 lierili.

340 1775 478 1833 Imminet
490 1795 551 1830 ecoe
564 1771 629 1830 dies
638 1773 742 1849 soriis
755 1793 824 1829 cam
836 1775 948 1851 palsas
961 1773 1085 1848 acerbis,

344 1860 388 1915 Ni
403 1861 489 1915 Deae
502 1869 633 1932 avertat,
656 1868 717 1914 toto
734 1859 822 1914 Mars
831 1862 950 1916 saeviet
958 1858 1033 1932 orbe,

345 1941 490 2019 Crimine,
509 1964 628 2022 paxque
643 1953 696 1999 tuo
711 1945 828 2000 cunctis
845 1941 980 2020 optanda
996 1941 1105 2000 silebit.

143 2069 175 2121 P.
192 2063 243 2123 488
259 2059 313 2119 llis
337 2059 514 2139 conscriptis
536 2059 669 2119 versibus
689 2068 772 2118 sexto
793 2061 892 2119 Nonas
914 2061 1051 2121 Octobris
1073 2059 1147 2120 hora
1171 2060 1285 2121 decima
1306 2081 1350 2121 ex

151 2135 207 2190 σοι
225 2142 240 2194 ¹
256 2163 309 2222 illa
328 2162 476 2242 quondam
490 2161 710 2241 opulentissima
730 2171 759 2220 et
770 2161 992 2239 florentissima,
1014 2181 1095 2222 nunc
1106 2162 1252 2242 famelica,
1273 2181 1349 2244 per-

258 2265 340 2343 iura,
358 2264 515 2333 mendace,
540 2262 658 2336 dolosa,
679 2281 799 2342 rapace,
825 2263 951 2343 cupida,
972 2283 1079 2339 avara,
1103 2264 1257 2322 cenodoxa
1272 2263 1349 2324 civi-

150 2419 154 2423 .
257 2375 400 2426 tetecum
418 2367 544 2424 diasoste
562 2383 626 2422 meo
639 2363 729 2422 lintre
751 2384 898 2443 egressus,
917 2365 1021 2426 diebus
1042 2364 1232 2444 quadraginta
1245 2374 1276 2422 at
1289 2383 1350 2424 no·

178 2467 180 2474 ’
257 2487 341 2542 verra,
364 2464 516 2534 asinando,
540 2465 726 2540 ambulando,
750 2467 918 2547 equitando,
941 2466 1111 2540 ieiunando,
1130 2465 1273 2541 sitiendo,
1294 2483 1352 2524 su-

257 2567 415 2646 spirando,
437 2564 554 2641 flendo,
576 2566 717 2644 gemendo
739 2567 925 2647 Naupactum
943 2567 1027 2644 veni,
1051 2585 1125 2646 quae
1146 2576 1190 2625 est
1207 2565 1353 2645 Nicopo-

257 2669 319 2727 leos
333 2668 453 2728 civitas:
475 2668 507 2726 in
527 2688 585 2745 qua
609 2668 749 2727 diasostes
767 2689 849 2728 meus
871 2689 917 2728 me
945 2669 1079 2748 deserens
1105 2666 1218 2728 duabus
1239 2667 1352 2747 parvis

258 2769 430 2850 impositum
445 2769 569 2830 navibus
588 2769 703 2828 duobus
715 2791 763 2829 me
778 2770 1008 2848 mandatoribus,
1030 2769 1081 2849 qui
1095 2768 1283 2848 Hydruntem
1296 2788 1352 2836 me

257 2889 313 2952 per
330 2891 410 2931 mare
425 2872 639 2948 conducerent,
662 2873 889 2935 commendarit.
932 2873 1042 2932 Verum
1065 2889 1135 2929 cum
1154 2871 1284 2946 entolin,
1309 2869 1352 2928 id

258 2982 303 3032 est
319 2982 510 3052 praeceptum
526 2975 572 3032 ius
594 2965 738 3054 captionis
763 2993 780 3031 a
799 2975 980 3034 Graecorum
996 2971 1184 3052 Principibus
1201 2991 1265 3030 non
1285 2967 1351 3028 ha-

258 3072 377 3150 berent,
399 3074 503 3134 ubiubi
528 3077 758 3156 spernebantur:
779 3095 834 3135 nec
855 3077 913 3133 iam
930 3095 985 3133 nos
1007 3073 1042 3132 ab
1062 3073 1153 3152 ipsis,
1174 3071 1229 3130 sed
1250 3071 1308 3152 ipsi
1331 3091 1352 3128 a

231 3175 347 3234 Bnobis
360 3175 522 3236 alebantur.
564 3176 661 3249 Quam
680 3197 768 3258 saepe
787 3178 866 3238 illud
879 3175 1085 3238 Terentianum
1105 3191 1220 3233 mecam
1236 3181 1351 3230 stoma-

260 3276 383 3340 chabar:
405 3279 515 3338 Tutore
534 3297 608 3356 opus
630 3287 690 3354 est,
714 3298 788 3356 quos
809 3277 976 3338 defensores
1002 3295 1098 3356 paras.
1138 3273 1234 3351 Igitur
1251 3271 1351 3331 Nonis

259 3377 383 3438 Kalend.
411 3379 542 3438 Decemb.
564 3377 749 3458 Naupactum
778 3397 924 3456 egressus,
956 3377 1046 3436 biduo
1068 3375 1107 3434 ad
1130 3372 1286 3434 offidarim
1301 3369 1351 3452 37)

258 3475 386 3535 fluvium
405 3498 498 3556 usque
521 3480 659 3558 perveni,
682 3475 770 3564 ut³⁸)
792 3480 863 3539 meis
882 3478 1036 3566 comitibus
1056 3496 1118 3536 non
1138 3475 1173 3534 in
1187 3473 1350 3552 conculis,

260 3594 333 3655 quae
348 3595 397 3634 eos
416 3597 518 3657 capere
533 3600 596 3639 non
613 3590 765 3659 poterant,
786 3561 1000 3658 resideiitibus,
1023 3579 1074 3639 sed
1090 3595 1174 3637 secus
1187 3577 1262 3635 litus
1279 3595 1352 3656 per·

259 3677 405 3756 gentibus.
448 3680 540 3740 Positi
555 3680 654 3760 itaque
665 3681 698 3740 in
716 3680 849 3740 Offidaro
863 3680 999 3756 flumine,
1022 3681 1123 3739 Patras
1139 3677 1196 3737 alio
1210 3676 1300 3736 maria
1315 3677 1352 3736 in

259 3778 347 3838 litore
366 3779 466 3838 decem
479 3790 509 3840 et
525 3791 592 3840 octo
607 3781 779 3841 milliaribus
800 3781 907 3842 distare
920 3783 1144 3862 prospeximusr
1165 3798 1252 3858 quem
1266 3775 1353 3857 Apo-

260 3879 380 3938 stolicaa
387 3882 530 3960 passionis
543 3882 654 3958 locum,
670 3883 738 3962 quia
748 3883 1034 3964 Constantinopolim
1049 3879 1232 3942 ascendendo
1241 3878 1353 3939 visita-

259 3980 371 4055 vimus,
393 3981 595 4044 adoravimus:
634 4004 717 4044 nunc
743 4003 808 4046 eum
838 3985 959 4046 visitare
979 3994 1010 4045 et
1032 3983 1154 4046 odorare
1182 3979 1354 4058 (confiteor

292 4110 430 4198 asima
443 4133 551 4199 carta,
569 4132 625 4186 aa
647 4132 764 4187 caasa
791 4133 873 4189 uae.
940 4135 989 4202 ot)
1011 4131 1082 4188 suas
1098 4131 1252 4204 οριεααιῑιι
1272 4129 1353 4184 oea

292 4201 342 4268 88)
364 4201 447 4256 Locus
464 4202 636 4272 inperfectus.
665 4203 763 4263 nor..
