2786 4620
259 303 335 380 aab
437 295 676 380 'memma
697 307 758 378 m
780 305 948 378 ffls‘roa.
970 295 1150 378 erantne

344 469 380 531 ta
398 467 538 530 Armenia
553 475 556 484 '
569 471 687 549 quoqne
711 467 816 528 Graeci
837 461 1054 530 blaldaeaadam
1075 459 1118 547 ἢ
1130 459 1368 548 oppugnabant.

266 573 308 634 Ut
329 573 435 654 paucis
461 569 660 650 complectar,
685 578 768 630 totus
788 569 841 630 illa
860 578 975 630 nactus
995 567 1099 650 Syriae
1115 566 1300 646 maritimus,
1326 580 1366 632 at

268 693 344 758 quae
370 675 451 734 circa
477 667 665 751 Euphraten,
694 670 836 752 patebant
866 671 1047 732 Graecorum
1058 687 1062 694 ·
1074 667 1207 744 libidini,
1238 663 1366 733 nmina

269 795 365 858 neque
378 775 492 836 bostem
508 781 646 852 arcente,
661 783 870 855 aequaturus
884 769 1002 852 meite,
1022 771 1176 856 praesidils
1195 783 1366 841 strenuae

267 879 379 944 nudas
448 881 451 895 '
702 956 704 963 η

714 977 736 1038 l.
747 977 771 1038 L
786 999 818 1058 p·
834 977 905 1044 607.

352 1077 433 1138 liena
447 1085 548 1138 umen
562 1077 683 1139 afflictis
694 1077 846 1143 Mualemia
862 1077 1043 1160 praesidium
1056 1073 1202 1141 aderat‘et
1213 1077 1368 1145 liberator

269 1182 400 1241 etautis
428 1180 579 1258 angustiis.
629 1181 685 1242 ille
708 1178 786 1242 eni'm
806 1183 872 1263 ipae
894 1183 1043 1241 ltomsum
1062 1181 1238 1262 imperator,
1269 1201 1368 1263 quam

270 1282 414 1343 hactenus
426 1282 460 1341 in
479 1281 680 1343 blmlemieam
699 1284 842 1344 ditionem
857 1283 929 1344 adeo
944 1283 1120 1343 novientum
1132 1283 1285 1360 vidimus,
1306 1285 1369 1365 qui

270 1404 324 1465 ape
346 1393 435 1463 atque
456 1386 599 1466 cupidine
619 1397 713 1447 totam
734 1387 850 1467 Syrium
871 1385 930 1446 ium
951 1384 1159 1462 devoraverat,
1180 1387 1232 1466 qui
1255 1386 1369 1448 οὼουι

269 1485 388 1548 fidelem
405 1496 518 1548 terrore
536 1490 583 1551 sui
604 1491 821 1570 compleverat,
843 1487 904 1548 hoc
918 1487 984 1568 ipso
1001 1497 1080 1547 anuo
1099 1486 1291 1548 muliebribm
1309 1489 1368 1548 in-

270 1589 353 1649 sidiis
366 1587 517 1650 occubuit.
559 1591 631 1651 Erat
649 1588 911 1670 illeNicepborue,
933 1589 986 1668 qui
1003 1588 1290 1674 sublatovdeeeasora
1305 1610 1367 1651 suo

270 1711 356 1770 rege,
376 1709 501 1750 uxorem
519 1690 581 1753 eius
594 1691 628 1750 in
643 1690 863 1751 matrimonium
880 1690 1008 1750 duxerat
1021 1689 1113 1771 stirpe
1131 1700 1214 1751 artus
1230 1709 1296 1755 nen
1308 1710 1369 1752 ra-

270 1793 332 1870 gin,
354 1790 445 1871 idque
459 1791 557 1851 animo
576 1791 720 1871 agitabat,
742 1799 777 1851 ut
790 1791 953 1872 superioris
972 1789 1054 1850 thori
1071 1792 1230 1851 masculam
1244 1793 1368 1873 prolem

271 1903 440 1969 exsecaret,
459 1914 518 1973 quo
533 1914 603 1954 suae
615 1895 725 1973 regiam
737 1891 910 1972 dignitatem
923 1900 1095 1973 perpetuam
1107 1903 1259 1955 anereret
1301 1894 1368 1955 Sed

270 1997 427 2076 indignum
443 2005 473 2055 et
487 1995 673 2055 intolerabile
687 1995 801 2054 sacirms
815 1994 958 2055 detestata
972 2003 1003 2053 et
1012 1995 1156 2074 irnpedire
1171 1995 1271 2055 nitens
1282 2013 1367 2078 pue-

271 2119 374 2162 rorum
388 2108 484 2158 mater
499 2097 687 2177 conspirabat
705 2117 773 2158 cnm
787 2097 953 2156 Domestica
968 2095 1001 2154 in
1015 2096 1074 2156 viri
1088 2097 1224 2173 caedem,
1244 2105 1366 2157 abacto

272 2202 304 2262 in
316 2200 399 2260 huuc
419 2201 540 2260 modum
560 2199 639 2258 dolo.
683 2200 841 2276 Conscius,
866 2199 1063 2258 Domesticum
1076 2207 1150 2279 puta
1165 2209 1196 2258 et
1210 2199 1274 2259 eius
1285 2200 1365 2260 ami-

273 2325 341 2379 coa,
362 2301 465 2362 habitu
484 2300 622 2362 muliebri
643 2299 838 2377 deformatae,
860 2299 898 2359 de
913 2310 1001 2360 nocte
1019 2301 1052 2359 iu
1067 2299 1210 2361 sacellum
1230 2301 1364 2383 aliquod,

272 2403 433 2484 Nicephori
462 2403 597 2462 cubiculo
618 2403 807 2482 proximum,
831 2401 1054 2480 introducebat;
1084 2413 1114 2462 et
1133 2411 1264 2484 tyranno
1285 2425 1366 2486 pro-

273 2508 402 2568 lundum
417 2513 574 2578 stertente,
602 2503 775 2583 foribusque
798 2503 957 2582 obaera'tie,
982 2505 1047 2585 ipsa
1073 2523 1193 2583 smgeus
1216 2525 1273 2585 per
1295 2505 1366 2567 eam

272 2607 425 2690 portulam
442 2604 660 2663 intromittebat
674 2625 877 2684 percussurae,
897 2627 952 2686 per
969 2626 1087 2685 quame
1105 2607 1238 2706 cubiculp
1257 2607 1367 2670 aditus

274 2691 312 2767 ud
332 2707 474 2765 sacellum
490 2705 617 2785 putebat.
651 2705 752 2787 Itaque
775 2727 926 2788 aggressus
950 2707 1143 2768 dormientem
1156 2707 1365 2791 Nicephorum

273 2808 424 2888 iugulabat
441 2807 633 2883 Domesticus,
656 2808 726 2868 deus
740 2820 837 2870 autem
850 2811 913 2870 eius
928 2809 1090 2870 ministerio
1107 2809 1234 2889 quietem
1248 2809 1365 2894 populo

272 2931 325 2971 auo
347 2931 363 2969 a
379 2909 586 2969 molestissimo
602 2919 744 2971 venatore
763 2913 938 2992 praestabat.
982 2911 1167 2972 llomesticus
1179 2913 1252 2973 inde
1266 2935 1366 2976 unum

273 3033 311 3074 ex
324 3011 523 3093 imperatricis
538 3011 626 3088 filiis,
646 3014 776 3093 epriore
789 3013 995 3090 matrimonio,
1018 3023 1047 3072 et
1067 3013 1197 3092 genuino
1218 3015 1366 3096 sanguina

272 3114 523 3192 regionarium,
550 3118 718 3193 Augustum
741 3115 943 3196 nuncupabat.
992 3115 1035 3174 lle
1056 3125 1153 3175 cetero
1174 3117 1365 3179 Domesticua

272 3214 298 3272 ia
318 3216 502 3296 appellatur,
524 3215 576 3294 qui
593 3216 746 3294 regionum
765 3216 995 3294 Byzantinmum
1018 3218 1060 3278 cia
1076 3217 1309 3300 Hellespontum
1329 3221 1365 3280 in

272 3315 417 3376 orientem
431 3326 637 3396 porrectarum
653 3338 754 3378 curam
767 3318 852 3397 gerit.

720 3419 741 3482 1.
756 3419 777 3478 l.
794 3441 825 3500 p.
837 3419 908 3486 511.

353 3511 441 3572 Anno
458 3516 595 3577 ccctxt
612 3521 680 3598 (qui
701 3519 749 3580 die
766 3525 808 3587 28
829 3521 896 3580 Oct.
916 3519 951 3581 A.
971 3520 1041 3584 cm.
1064 3527 1125 3590 971
1144 3522 1259 3604 coepit)
1274 3523 1364 3586 tarn-

271 3606 380 3669 debant
398 3612 503 3674 Graeci
523 3617 670 3697 Djeairam
693 3620 725 3690 (i.
746 3640 772 3682 e.
791 3617 1044 3708 Mesopotamiam)
1065 3623 1222 3702 Edessam,
1245 3625 1364 3688 Nisibi-

265 3729 356 3787 uem,
378 3713 575 3794 caedibusque
594 3720 802 3795 graasabantur
816 3734 845 3783 et
857 3723 984 3804 rapiuia;
1005 3733 1110 3786 contra
1123 3747 1196 3806 quoa
1210 3728 1364 3789 auxilium

268 3809 464 3891 implorantee
477 3815 649 3895 Ragdadum
669 3822 859 3884 confluebant
876 3835 1009 3885 extorres
1025 3825 1173 3891 bluslemi.
1217 3828 1312 3903 Quod
1327 3827 1364 3889 iis

303 3971 330 4044 ’)
347 3975 525 4032 Malaacardae
542 3983 754 4052 oppugnationem
767 3985 914 4042 Elmacinua
932 4005 959 4060 p.
973 3991 1026 4045 280
1043 3991 1076 4044 ad
1094 4007 1187 4047 anuum
1200 3995 1254 4052 853
1270 3995 1363 4049 resera

333 4043 401 4097 Nam
412 4045 481 4114 quod
493 4047 532 4138 ¹ibi
547 4049 586 4102 bis
597 4050 692 4120 legitur
705 4057 779 4125 regio
795 4057 913 4124 Ilerdae,
930 4057 1047 4112 vitiosum
1060 4067 1100 4114 est
1110 4068 1139 4115 et
1150 4063 1301 4117 ltlalazcard
1320 4081 1363 4118 ra-

333 4115 484 4181 ponendum.
518 4115 596 4169 Forte
610 4121 739 4174 conciliari
770 4124 852 4177 osaint
872 4127 899 4178 hi
920 4125 971 4178 ‹luo
986 4137 1120 4194 auctores,
1137 4129 1161 4182 ai
1181 4131 1253 4184 dieas
1265 4131 1362 4186 Roma-

333 4182 564 4248 nosbancareem,
583 4203 658 4255 quam
673 4207 738 4244 anuo
817 4201 953 4265 oeperunt,
970 4195 1091 4269 deiuoeps
1110 4199 1244 4267 misisse,
1261 4207 1291 4255 et
1310 4203 1361 4255 boe

332 4246 429 4304 demum
442 4266 532 4307 rursus
544 4269 718 4326 recuperatae.
735 4259 769 4313 lt.
903 4297 905 4302 -
