2802 4624
692 1 1400 42 ἶ-κἫ

353 255 400 324 ΙΝ
419 254 661 332 THEODOSll
680 256 918 336 ACROASES,
1116 251 1192 332 635

18 461 20 474 ‚
88 405 223 490 phorum
236 407 521 474 {theodosiusmodo
539 423 665 474 enarrat.
708 414 877 477 Verisimile
891 426 935 478 est
949 425 1055 498 temen,
1077 420 1110 482 id
1126 442 1192 482 non

18 503 19 508 ’
87 515 213 574 prorsus
228 496 265 556 ad
280 497 509 558 assentationem
521 497 680 578 Nicephori
695 507 812 580 aposta
825 501 915 562 luisse
928 503 1082 584 scriptum,
1097 527 1190 586 quum

86 577 227 640 Incertus
251 582 451 641 continuator
472 581 661 664 Theophanis
688 583 722 644 in
744 577 871 646 llomani
887 587 1017 649 lunioris
1030 590 1092 650 vita
1105 612 1187 653 num.

86 663 143 723 Xl.
161 686 229 745 pag.
246 671 318 733 298.
341 665 544 746 Nicephorum
568 669 603 726 ab
616 669 757 746 Agoranis
780 671 1006 733 reformidatum
1024 675 1135 736 scribat
1149 677 1188 741 ob
1308 699 1312 706 ’

86 747 154 808 eius
166 746 222 852 sphi
237 749 383 833 διέγερσιν
397 750 448 814 aul
461 747 596 828 σύνεσιν,
618 753 669 816 asel
684 750 740 836 τήν
756 752 830 838 πρὸς
845 754 923 820 ueta
937 759 1053 833 πίστιν,
1073 759 1125 822 saal
1138 762 1188 824 ‹is-
1273 815 1286 828 ,

84 855 273 914 καιοσυνην,
302 837 428 916 eigilem
447 837 640 918 solertemque
665 843 820 919 anunm,
839 840 996 923 fidemque
1020 846 1054 904 in
1074 847 1187 924 Deum,

85 928 117 976 et
136 922 302 978 iustitiam.

175 1009 226 1070 62.
249 1003 310 1066 Kal
322 999 355 1067 cl
372 993 544 1088 upossilttss]
567 1007 661 1086 Rogat
679 1008 772 1069 lieum
788 1008 983 1090 Nicephorns,
1003 1011 1084 1071 utin
1099 1013 1181 1074 obse.
1199 1009 1231 1065 P·
1247 1009 1300 1068 ³79

84 1087 191 1168 quium
216 1087 376 1150 Christiani
395 1092 502 1171 populi
529 1093 715 1152 Cretensium
737 1104 836 1156 turres
858 1105 889 1155 et
916 1096 1032 1156 moenia
1057 1079 1290 1176 astionem-1

85 1172 336 1251 quemadmodum
361 1197 416 1254 pro
437 1175 578 1260 Hebraeis
605 1177 638 1236 in
669 1180 886 1258 expugnatione
908 1167 1003 1240 lerico
1025 1181 1064 1240 ad
1082 1203 1186 1262 preces

84 1255 186 1402 Iosupl
193 1258 275 1321 lecit.
316 1259 383 1322 Via.
396 1261 454 1321 Ios.
473 1282 541 1342 cap.
554 1283 604 1336 vt,
625 1281 682 1344 qua
708 1263 744 1323 de
757 1285 791 1325 re
811 1273 841 1323 et
857 1266 928 1324 Dux
943 1265 1093 1344 gloriosus
1108 1268 1186 1328 Deus

84 1363 102 1400 a
136 1364 162 1402 re
187 1352 263 1406 atur.
792 1389 800 1404 a

102 1362 138 1424 Pl
172 1429 223 1494 64.
243 1422 363 1510 Asinaia]
383 1428 426 1489 lte
444 1429 564 1510 Codex,
584 1451 645 1491 non
666 1423 780 1511 adsela,
801 1429 880 1497 utin
897 1430 1028 1492 editione
1044 1433 1187 1514 Cornelii,

83 1512 141 1594 qui
153 1522 252 1573 tamen
265 1514 311 1574 sic
323 1515 540 1576 emendandum
555 1536 616 1576 esse
630 1524 796 1576 notaverat.

169 1603 220 1664 67.
240 1601 348 1675 Δεῖξον
362 1598 476 1682 Πέτρος
487 1600 543 1680 τίς]
566 1602 665 1678 Pergit
685 1599 873 1680 Nicephorus
886 1599 981 1660 Deum
1002 1601 1126 1681 precari,
1149 1612 1184 1663 ut

82 1684 219 1764 potentia
237 1704 290 1743 sua
311 1685 457 1762 ostendat,
480 1687 545 1765 quis
559 1687 599 1746 sit
613 1687 719 1746 Petrus
735 1684 904 1765 Apostolus,
921 1684 1107 1750 Christianae
1122 1687 1185 1746 Ec-

83 1768 191 1828 clesiae
202 1769 279 1828 basis
293 1779 323 1828 et
334 1769 571 1850 fundamentum,
585 1771 690 1850 etquis
704 1771 813 1850 impius
822 1770 979 1847 hloameth,
992 1771 1183 1834 saracenicae

19 1863 23 1873 '
83 1853 305 1933 superstitionis
326 1865 447 1933 auctor,
469 1877 558 1937 quem
575 1856 649 1916 dicit
663 1855 803 1915 falsitatis
815 1856 986 1914 convictum
1001 1856 1037 1913 ab
1049 1856 1114 1936 ipsa
1126 1876 1181 1916 sua

80 1938 263 2016 ealliditate3
287 1960 356 2000 cum
372 1941 460 2016 enim,
476 1951 511 2000 ut
525 1940 672 2002 Hebraeos
687 1939 744 1998 sibi
760 1939 934 2000 conciliaret
946 1950 976 1999 et
989 1939 1182 2020 Christianos,

80 2023 240 2101 utriusque
255 2024 352 2102 Legis,
372 2026 481 2084 veteris
496 2025 637 2086 nimirum
659 2044 694 2082 ae
707 2043 821 2099 novae,
835 2034 991 2104 praecepta
1008 2025 1183 2086 immiscue-

2 2172 5 2180 Δ
80 2107 140 2183 rit,
161 2109 284 2167 asseclas
309 2127 379 2167 suos
399 2109 555 2188 utriusque
579 2109 662 2188 Legis
682 2118 913 2186 transgressores
929 2108 1037 2170 ellecit.
1080 2111 1183 2190 ltaque

80 2190 256 2272 permissam
275 2191 417 2250 Hebraeis
447 2193 647 2274 polygamiam
669 2194 866 2267 coascedens„
885 2193 1071 2252 Christianos
1090 2195 1127 2252 ad
1151 2214 1183 2254 se

82 2274 254 2336 deficientes
270 2277 342 2336 lecit
359 2277 570 2354 fornicatores,
592 2287 622 2338 et
639 2278 749 2338 decens
772 2297 841 2336 cnm
858 2275 1040 2342 Christianis·
1054 2279 1182 2339 vetitum

81 2380 145 2420 non
171 2380 233 2420 esse
254 2361 391 2422 omnibus
408 2363 547 2422 carnibus
560 2363 654 2440 vesci,
676 2361 826 2422 Hebraeos
838 2381 979 2441 sequaces
993 2383 1062 2422 suos
1076 2362 1182 2424 docuit

80 2455 277 2526 praeceptum
291 2447 457 2525 transgredi
472 2447 514 2506 eis
538 2447 651 2522 damus,
671 2468 709 2506 ne
722 2447 899 2507 camelorum
919 2466 1008 2504 carne
1021 2466 1181 2507 vesceren-

82 2540 150 2606 tur,
177 2531 269 2594 tevit
290 2553 355 2611 cap.
375 2553 418 2590 xr.
431 2552 462 2591 v.
477 2533 507 2598 4.
523 2533 642 2596 Denter.
662 2553 725 2613 cap.
747 2552 811 2592 xrv.
827 2551 858 2598 v.
872 2536 903 2597 7.
940 2531 1056 2592 Videsis
1080 2531 1180 2592 erudi.

82 2625 149 2673 tum
176 2626 327 2675 auctorem
348 2616 456 2696 Siphra
476 2617 509 2676 in
533 2618 696 2676 Leviticum
721 2637 785 2696 cap.
803 2637 849 2676 ιιι.
869 2624 899 2675 et
913 2635 955 2676 av.
977 2616 1009 2676 in
1037 2615 1180 2679 Thesaur.

31 2739 48 2758 x
83 2700 203 2778 Ugolini
226 2701 310 2761 Τοιιι.
326 2701 406 2764 xtv.
419 2723 450 2782 p.
470 2707 563 2769 1000.
587 2704 695 2762 Narrat
718 2701 868 2762 cedrenus
886 2701 1000 2761 Hister.
1018 2701 1180 2783 Compend.

82 2805 148 2866 pag.
168 2787 247 2863 421,
271 2785 432 2861 Hebraeos,
456 2787 507 2868 qui
526 2787 686 2846 Moericum
709 2789 815 2866 Legem
840 2787 1006 2846 deserentes
1020 2785 1182 2846 blosmethi

81 2870 292 2947 adhaeserant,
314 2871 372 2932 rati
395 2891 461 2930 eum
485 2892 546 2932 esse
566 2872 719 2950 hleesiam,
741 2880 897 2952 postquam
919 2873 1056 2930 carnibus
1075 2869 1182 2930 cameli

79 2959 161 3017 vesei
173 2956 294 3016 solitum
309 2967 539 3037 conspexerunt,
564 2977 630 3017 eum
641 2978 703 3017 non
717 2977 777 3016 esee
790 2956 822 3014 id
839 2955 919 3034 qnod
932 2955 1048 3036 opinati
1062 2957 1182 3016 lucrant

81 3041 216 3104 sensisse.
259 3042 404 3101 Fortassis
417 3043 441 3100 T
443 3041 603 3102 heodosius
621 3043 658 3101 ad
675 3041 754 3100 hanc
768 3040 863 3120 ipsam
881 3040 988 3099 alludit
1001 3059 1073 3102 rem.

164 3131 215 3192 79·
243 3121 356 3206 Ῥώμης
375 3125 532 3206 darioque]
561 3129 647 3186 Creta
677 3128 811 3186 Romano
836 3125 964 3204 Imperio
997 3123 1098 3204 paruit
1125 3143 1181 3183 us-

82 3229 140 3291 qne
157 3211 196 3270 ad
215 3210 389 3271 hlicbablem
413 3212 552 3282 Balbum,
574 3233 633 3290 quo
647 3211 813 3290 imperante
827 3230 843 3266 a
856 3208 1010 3269 Saracenis
1027 3218 1114 3289 capta
1126 3217 1184 3282 ast,

84 3296 267 3356 occasionem
284 3295 357 3376 ipsis
373 3296 557 3376 potissimum
568 3297 728 3375 praebente
740 3294 854 3354 'l'homa
868 3293 1005 3374 quodam,
1019 3295 1099 3373 quia
1113 3313 1182 3353 san-

84 3389 132 3438 cta
146 3380 382 3442 Christianorum
395 3381 455 3441 lide
469 3381 642 3458 desciscens,
656 3377 891 3440 utoamsshioam
902 3388 1011 3438 sectam
1023 3379 1180 3459 amplexus

84 3473 155 3523 erat.
195 3467 309 3527 Videsie
325 3465 489 3527 Cedrenum
500 3466 595 3528 fusius
613 3466 650 3527 de
664 3465 724 3525 hoc
738 3474 872 3544 agentem
886 3463 1000 3526 Hister.
1016 3463 1180 3545 Compend.

82 3569 150 3630 pag.
163 3549 235 3616 499.
257 3561 285 3610 et
298 3573 381 3632 seqq.
900 3547 907 3564 ¹

168 3638 219 3700 80.
242 3633 442 3718 Παρερπῦσας
463 3631 568 3717 ὄκνος]
591 3635 637 3694 Ob
651 3633 796 3694 desidiam
811 3643 891 3695 certe
906 3635 1090 3695 Graecorum
1104 3641 1180 3692 tam.

84 3718 138 3779 diu
156 3719 242 3778 Creta
265 3722 319 3779 sub
334 3723 404 3800 iugo
421 3721 635 3781 Saracenorum
649 3719 803 3799 ingemuit.
846 3721 954 3780 Classis
969 3720 1050 3800 enim
1065 3717 1101 3776 ab
1112 3720 1180 3798 ipso

82 3804 228 3866 michaele
246 3805 337 3865 Balbo
363 3827 397 3865 eo
412 3807 499 3868 missa
518 3808 606 3865 Duce·
624 3806 745 3866 Cratero
764 3805 1013 3886 Csbgraeotarum
1029 3803 1180 3883 praelecto

83 3893 157 3951 adeo
172 3891 300 3950 feliciter
310 3891 452 3951 barbaros
468 3892 558 3968 ludit,
575 3899 610 3951 ut
625 3891 742 3950 Cretam
756 3891 843 3968 facile
857 3897 1101 3972 recuperassent,
1122 3885 1182 3946 nisi

84 3976 211 4038 victoria
228 3975 299 4035 elati
320 3975 444 4051 milites,
471 3977 650 4036 adventante
662 3984 767 4053 nocte,
790 3974 1061 4056 compotationibus
1079 3992 1114 4030 ac
1133 3971 1183 4030 la-

84 4062 180 4122 xus-iis
201 4082 264 4122 sese
282 4060 513 4137 immersissent,
533 4082 572 4122 ex
587 4083 646 4140 quo
664 4062 777 4122 lactum
792 4069 853 4137 est,
873 4069 910 4122 ut
924 4079 1029 4120 somno
1050 4057 1187 4134 vinoque

87 4167 253 4229 oppressos,
261 4147 382 4208 barbari
391 4147 491 4206 subito
505 4147 604 4208 adorti
619 4157 668 4206 eos
678 4147 748 4224 sint,
757 4156 785 4205 et
796 4165 890 4224 nsque
900 4145 938 4204 ad
950 4142 1184 4204 internecionem

66 4309 69 4316 .
88 4232 217 4314 turpiter
234 4231 469 4324 profligaverint.
500 4231 630 4296 Consme
646 4233 812 4294 Cedrenum
821 4231 898 4292 Hist.
911 4231 1016 4314 Comp.
1030 4247 1096 4311 pag.
1110 4227 1183 4294 611.
