2786 4620
222 958 543 1074 excessus
584 959 672 1100 un
712 953 1004 1058 fflsronus
1055 949 1316 1043 Amnum

466 1184 519 1247 DE
544 1179 865 1246 Exruumonmus
891 1175 1063 1240 stultcts
1223 1275 1229 1286 υ

294 1367 528 1438 NlGEPHORl
547 1363 718 1435 PHOCAE
737 1363 798 1432 ET
817 1361 993 1430 IOANNlS
1013 1355 1240 1430 TZIMISCIS.

275 1769 483 1842 cuneum
502 1771 687 1840 mensu
706 1768 884 1882 rurus.
906 1765 1078 1873 osorum
1097 1765 1133 1832 s.
1152 1763 1194 1830 P.
1214 1759 1265 1830 n.

225 1925 371 2038 Rogavit
389 1983 437 2024 me
454 1963 508 2025 vir
521 1961 663 2040 illustris,
686 1959 889 2032 lliebubriue,
909 1967 946 2018 ut
962 1955 1002 2017 ad
1013 1975 1130 2033 novam,
1152 1973 1230 2035 quae
1244 1973 1317 2014 mox

226 2063 375 2144 prodibit,
396 2065 504 2125 Leonis
519 2065 644 2124 Diaconi
664 2063 824 2124 editionem
840 2057 1040 2120 adornandam
1065 2077 1103 2116 ex
1118 2055 1251 2116 Arabicis
1271 2055 1316 2116 li-

207 2217 209 2222 .
227 2165 307 2243 brie,
329 2185 457 2244 quorum
473 2166 723 2227 consulendorum
737 2164 770 2225 in
781 2162 840 2224 hec
852 2161 927 2222 urbe
941 2159 1016 2221 mihi
1032 2161 1158 2220 facultas
1175 2157 1246 2217 deta
1262 2179 1318 2218 es·-

228 2275 291 2344 set,
315 2287 503 2347 excerperem
523 2289 596 2348 quae
613 2268 653 2329 ud
671 2287 720 2328 res
736 2265 773 2326 ab
789 2262 1015 2346 imperatoribus
1030 2259 1197 2342 Nicephoro
1216 2259 1317 2320 Phoca

229 2376 259 2426 et
270 2367 379 2428 Ioanne
391 2370 534 2429 Talmisce
546 2371 579 2428 in
592 2369 704 2430 oriente
717 2375 811 2447 gestes
825 2363 1016 2426 illustrandae
1035 2365 1175 2424 fecerent.
1217 2363 1316 2436 Quam

228 2471 413 2530 occasionem
436 2472 476 2530 ed
498 2471 624 2530 istorum
645 2481 814 2550 temporum
837 2467 990 2530 historiam
1004 2464 1240 2546 perspiciendam
1255 2463 1316 2522 ali-

230 2570 303 2648 quid
319 2591 356 2630 ex
369 2572 559 2632 orientalibus
574 2571 706 2632 lontibus
720 2569 892 2631 conserbndi
904 2576 1028 2649 propter
1040 2565 1149 2626 summi
1162 2565 1220 2626 viri
1232 2567 1315 2644 apud

230 2689 278 2728 me
296 2672 500 2752 auctoritatem
520 2683 550 2732 et
566 2672 710 2752 insignem
729 2692 797 2750 erga
813 2690 861 2730 me
875 2669 1108 2732 benevolentiam
1122 2667 1318 2728 libentissime

229 2772 353 2853 arripui.
381 2774 542 2852 Diligenter
553 2773 646 2852 igitur
666 2774 718 2854 qui
736 2772 811 2833 mihi
822 2779 940 2853 praesto
953 2779 1050 2830 esseut
1061 2769 1200 2830 historiae
1212 2771 1312 2832 orien-

228 2873 295 2932 talis
317 2874 476 2956 scriptores
497 2873 628 2957 perlegi,
659 2895 698 2934 ex
722 2873 830 2958 quibus
854 2893 928 2955 quse
949 2870 1099 2952 excerpsi,
1131 2869 1191 2932 hoc
1210 2873 1317 2935 ordine

228 2975 376 3058 disposui.

312 3079 410 3139 Primo
430 3079 497 3139 loco
519 3079 640 3140 exhibui
661 3087 804 3162 excerpta
824 3097 862 3139 ex
879 3074 1090 3157 Abulphsregii
1112 3075 1175 3136 sive
1196 3075 1316 3138 llarhe-

227 3177 311 3240 breoi
320 3179 466 3242 Chronico
481 3183 613 3262 Syriaco,
627 3181 709 3263 quod
723 3179 914 3261 quadraginta
923 3177 1030 3239 abhinc
1043 3177 1128 3238 annis
1135 3179 1250 3258 publici
1264 3179 1316 3240 iu-

229 3279 272 3340 ris
287 3283 422 3342 lecerunt
437 3283 472 3343 V.
491 3283 526 3345 V.
547 3285 583 3347 D.
604 3285 639 3348 D.
655 3287 694 3345 P.
712 3284 737 3344 1.
757 3287 874 3360 Brune,
894 3283 1046 3364 professor
1061 3279 1316 3361 Helmstadienais,

231 3388 261 3439 et
276 3382 312 3442 G.
330 3381 367 3440 G.
381 3384 501 3459 Kitron,
521 3394 621 3445 rector
634 3385 782 3446 llofensis.
824 3385 936 3445 Auctor
953 3379 1092 3440 ehi-unici
1107 3381 1239 3442 medicus
1257 3384 1318 3444 fuit

229 3481 446 3562 Melitenensis‚
485 3487 628 3564 religione
656 3485 856 3556 Christianue;
892 3483 1048 3543 historiam
1075 3482 1275 3544 universalem
1300 3507 1317 3545 e

231 3582 378 3642 creatione
397 3585 502 3645 mundi
517 3607 611 3665 usque
633 3587 671 3647 ed
693 3588 785 3648 finem
799 3585 910 3646 saeculi
924 3583 1030 3644 decimi
1046 3583 1129 3644 tertii
1144 3585 1318 3648 summatim

231 3693 262 3743 et
282 3684 412 3746 breviter
435 3687 572 3766 exposuit
586 3687 683 3764 libro,
705 3691 758 3768 qui
772 3687 893 3748 minime
910 3693 955 3744 est
972 3669 1220 3763 contemnendus,
1244 3689 1318 3750 dum

232 3785 412 3864 copiosiores
425 3797 456 3848 et
468 3787 666 3848 accuratiores
680 3790 837 3850 Orientalie
850 3787 992 3848 historiae
1009 3788 1223 3866 commentarii,
1240 3789 1319 3850 hra-

229 3885 296 3945 bice
315 3887 473 3947 maximam
493 3898 609 3968 partem
624 3891 786 3971 conscripti
801 3891 918 3969 lingue,
940 3887 1059 3948 scriniis
1080 3889 1191 3970 sepulti
1207 3900 1238 3949 et
1260 3911 1317 3950 cu·

232 3985 380 4047 ricsorum
400 3989 496 4050 oculis
521 3989 646 4051 detracti
668 3991 774 4052 iacent.
815 3991 852 4052 In
869 3990 958 4066 libro,
975 3989 1012 4052 de
1032 4009 1092 4072 quo
1109 3991 1141 4053 h.
1156 3993 1179 4054 1.
1194 3991 1318 4069 elicitur,

233 4090 438 4170 componendo
454 4090 556 4169 lingue
571 4111 644 4152 usus
661 4102 707 4152 est
722 4091 957 4174 Abulpharegiue
979 4091 1025 4173 (in
1043 4092 1148 4153 ceteris
1164 4093 1227 4154 sere
1241 4093 1319 4153 hra-

232 4181 297 4247 bice
310 4189 458 4275 loquitur)
473 4192 611 4274 Syr-iace,
634 4193 718 4254 cuius
733 4213 825 4275 quum
838 4213 962 4276 prorsus
977 4194 1035 4254 sim
1051 4194 1189 4274 ignaram,
1211 4194 1251 4255 de
1263 4195 1318 4256 in-
