2802 4624
125 239 130 254 “
253 255 330 336 624
412 349 415 359 ,
585 265 722 338 mona
741 265 1006 336 anulorum.

255 431 381 494 Parnm
403 427 554 490 Carmina:
574 426 684 488 iterant
706 425 824 488 curavit
842 423 914 491 Chr.
929 424 1033 491 Gottl.
1053 423 1168 509 Heyne.
1179 422 1358 506 Gotfingao,

255 600 428 665 emerem
443 598 549 680 Opera,
566 596 726 656 Gnillelmo
735 595 894 674 Xylandm
907 593 1078 678 interprete.
1095 595 1305 674 Francolurti,
1322 593 1356 655 in
1377 593 1378 596 ’

299 684 418 746 officina
434 682 623 758 Aubriorum,
647 687 738 748 1620.
753 681 819 740 Fol.

254 769 378 832 Pournn
393 767 591 830 Historiarum
613 765 760 845 quidquid
774 773 918 846 superest.
959 765 1133 842 Recensuit,
1155 765 1295 847 digessit,
1314 764 1353 826 il·

297 853 435 914 lustravit
453 853 557 912 losnn.
573 850 841 928 Schweighaeuser.
864 850 998 930 Lipsiae,
1022 855 1114 918 1789.
1133 853 1164 916 8.

255 939 324 1002 Vita
343 940 371 999 S.
395 935 572 1018 Epiphanii,
594 937 706 1017 scripta
727 937 891 995 aPonrmo
906 934 1183 996 Rhinocorurorum
1198 938 1354 1017 episcopo,

296 1023 330 1082 in
346 1031 428 1082 tonso
444 1022 480 1082 ll.
496 1023 573 1103 opp.
591 1024 619 1086 8.
635 1020 795 1103 Epiphanii
816 1021 886 1082 edit.
903 1022 1002 1084 Petav.
1016 1021 1152 1097 Parisiis,
1174 1027 1272 1089 1622,
1288 1023 1353 1082 Fol.

254 1108 422 1169 Poarnrnn
438 1108 554 1188 Opera,
576 1107 816 1186 graeco-latine.
858 1105 1079 1183 cantabrigiae,
1103 1107 1194 1172 1655.
1211 1111 1243 1172 8.

254 1192 394 1256 Eiusdem
415 1193 484 1253 Vita
505 1191 634 1267 Plotini,
663 1191 750 1252 initio
772 1192 906 1272 Operum
928 1189 1207 1272 philosophicorum
1231 1193 1354 1256 Plotini.

296 1278 438 1353 Basileae,
460 1278 551 1344 1580.
572 1278 639 1338 Fcl.
1379 1347 1381 1362 1

253 1363 366 1424 Pacem
384 1363 475 1442 Lycii·
489 1361 696 1443 hypotyposis
716 1361 980 1423 astronomicarum
1007 1360 1208 1442 positionum,
1236 1381 1353 1442 graece,

297 1446 378 1527 apud
395 1449 534 1508 loannem
553 1447 735 1507 Walderum.
757 1447 897 1520 Basileae,
919 1446 1009 1512 1640.
1028 1447 1057 1512 4.

256 1533 396 1594 Eiusdem
417 1530 608 1611 Paraphraais
623 1532 656 1590 in
670 1531 830 1591 Ptolemaei
844 1531 938 1590 libros
952 1551 991 1594 rv.
1014 1532 1056 1590 lle
1066 1530 1203 1612 ,siderum
1219 1531 1352 1592 affectio·

299 1617 402 1692 nibus,
423 1617 584 1696 interprete
601 1617 698 1676 Leone
718 1616 837 1680 Allatic.
856 1615 994 1691 Lugduni
1006 1616 1107 1680 Βαῖτιν.
1125 1615 1220 1684 1665.
1236 1621 1269 1682 8.

256 1699 434 1764 balthasaris
449 1701 581 1761 Corderi't
594 1701 750 1780 Expositis
768 1701 888 1772 Petrum
901 1701 1083 1762 Graecorum
1097 1701 1130 1760 in
1142 1703 1298 1780 Pseneros,
1318 1723 1352 1762 ex

212 1802 217 1813 '
298 1785 503 1848 vetustissimis
524 1805 592 1849 mss.
615 1785 772 1844 codicibus
795 1783 988 1862 concinnata,
1011 1807 1115 1865 graece
1136 1795 1166 1846 et
1181 1787 1295 1863 latine,
1317 1807 1351 1846 ex

297 1870 433 1930 versione
448 1870 579 1930 eiusdem
600 1869 699 1935 balth.
723 1869 867 1932 Corderii.
888 1871 1085 1952 Antverpiae,
1107 1872 1198 1938 1643.
1214 1874 1349 1940 et1646.

297 1955 362 2018 Fnl.

257 2041 304 2103 Gl.
317 2043 492 2102 Proernam
505 2041 698 2118 Tetrabiblcs,
714 2063 816 2122 graece
830 2051 860 2104 et
871 2042 972 2120 latine,
986 2041 1055 2102 libri
1068 2063 1109 2102 rv.
1122 2039 1349 2102 Melanehthons

296 2127 469 2208 interprete.
498 2126 637 2187 Eiusdem
654 2130 778 2207 Carpus,
798 2149 836 2188 ex
849 2129 986 2188 versione
1001 2127 1117 2187 Ioviani
1129 2127 1273 2188 Pontani.
1295 2128 1348 2186 Ba·

298 2211 401 2289 sileae,
423 2233 478 2293 per
490 2212 631 2274 loannem
643 2213 809 2293 Oporinum
829 2212 906 2292 [eine
920 2225 993 2274 ncta
1005 2212 1111 2290 amad,
1133 2215 1165 2277 8.

255 2310 395 2373 Eiusdem
407 2313 602 2396 Geographia,
623 2334 734 2394 graece.
755 2314 892 2386 Basileae,
911 2315 992 2396 apud
1006 2315 1196 2389 Frobenium,
1214 2313 1347 2379 1533.8-

144 2423 176 2482 Ρ.
191 2424 245 2484 279
259 2415 414 2492 Sauorsa,
437 2413 651 2495 archiepiscopi
667 2417 772 2490 Gazae,
795 2437 863 2476 cum
875 2413 1024 2477 hchmede
1038 2421 1183 2477 Saraceno
1205 2413 1348 2494 discepta-

297 2501 359 2575 tio,
379 2499 411 2558 in
434 2499 542 2558 Ducaei
552 2500 690 2560 Auctoris
704 2499 905 2561 Bibliothecae
919 2503 1058 2581 Petrum,
1079 2512 1153 2562 tom.
1168 2499 1204 2560 ll.
1222 2500 1348 2575 Parisiis,

256 2583 615 2726 Sedilazrhhsldoiiritisches
630 2669 999 2732 Griechisch-Deutsches
1007 2669 1217 2733 Wbrterbncb.
1238 2669 1345 2731 Zweits

299 2751 428 2830 Aussage.
471 2751 540 2812 Iena
557 2751 625 2810 'und
642 2754 778 2834 Leipzig,
802 2757 892 2822 1805.
908 2757 938 2822 4.

257 2855 429 2930 Savanmnr,
452 2852 629 2914 Gabalorum
645 2853 793 2934 episcopi,
824 2857 926 2918 Oratio
946 2859 980 2918 in
1003 2859 1033 2921 8.
1062 2859 1203 2936 Crucem,
1233 2859 1346 2920 editae

299 2939 478 3002 Combelisic
489 2938 528 2998 ad
542 2939 653 3000 calcem
666 2941 695 3004 S.
710 2939 914 3021 Chrysostosni
927 2944 970 3004 De
982 2944 1143 3006 educandis
1155 2945 1270 3005 liberis.
1292 2945 1345 3004 Pa-

232 3026 235 3039 '
298 3025 392 3102 risiis,
416 3025 507 3091 1656.
523 3027 552 3092 8.
934 3104 937 3116 Ι

256 3129 398 3193 Eiusdem
419 3127 575 3188 Orationes
590 3146 645 3188 sex
665 3127 698 3187 in
714 3128 892 3190 creationem
908 3130 1028 3204 mundi,
1050 3131 1082 3192 in
1096 3141 1179 3191 tomo
1196 3129 1262 3192 vn.
1280 3147 1343 3210 ope-

299 3235 368 3276 rum
391 3215 420 3272 S.
440 3212 562 3273 Ioannis
584 3213 798 3294 Chrysostomi.
820 3215 947 3294 Etonas,
971 3221 1061 3283 1612.
1082 3217 1147 3276 Fol.

258 3317 349 3376 Snxrr
363 3315 508 3396 Empirici
520 3317 635 3396 Opera,
657 3338 675 3376 a
691 3316 827 3376 Fabricio
841 3317 929 3377 edita.
941 3318 1070 3402 Lipsiae,
1094 3322 1187 3384 1718.
1201 3317 1268 3380 Fol.

258 3415 636 3568 Smnorn1lt513t⁷apppastae
652 3418 738 3478 Vitae
759 3419 810 3482 88.
829 3418 948 3479 Ioarmis
967 3429 996 3479 et
1008 3421 1124 3498 Lucae,
1144 3420 1242 3481 editae
1261 3419 1344 3481 Oxo-

300 3521 381 3579 mae,
490 3547 497 3564 .
561 3546 568 3562 .

257 3605 407 3664 Scaeuam
420 3599 579 3679 byzantini
593 3601 721 3662 Gentilia
740 3625 796 3685 psr
815 3607 979 3687 epitomen,
997 3605 1039 3666 De
1053 3607 1175 3668 urbibus
1196 3606 1344 3686 inscripta,

299 3706 375 3768 quse
387 3685 525 3762 restitnit,
538 3686 688 3766 supplevit
703 3709 738 3748 ne
747 3691 839 3750 latina
846 3694 982 3753 versione
996 3693 1159 3754 illustravit
1167 3692 1345 3754 Abrahamus

298 3771 463 3832 Berkelins.
491 3771 627 3850 Lugduni
650 3773 844 3872 batavorum,
870 3777 960 3845 1694.
975 3778 1041 3838 Fol.

257 3877 423 3936 Suasoris
436 3871 505 3934 hbri
518 3892 591 3934 xvu.
604 3873 735 3936 editions
750 3876 962 3941 Almeloveeui.
994 3877 1239 3957 Amstelaedami,
1261 3881 1345 3945 1707.

258 3961 370 4107 Snffld
386 4042 520 4104 Lexicon
542 4061 581 4104 ex
601 4039 730 4104 editione
744 4045 873 4107 Kueteri.
896 4009 1118 4130 Cantabrigiae,
1141 4049 1233 4116 1705.
1246 4048 1310 4110 Fol.

259 4147 376 4208 Sanam
398 4145 565 4226 Epistolae,
594 4146 708 4208 Thomu
732 4148 903 4232 Naogeorgo
924 4151 1102 4237 interprete
1117 4152 1270 4232 basileae,
1296 4169 1346 4233 per

302 4229 443 4292 loannem
462 4231 648 4316 Oporinntn,
670 4232 764 4302 1658.
780 4237 811 4301 8·
1034 4292 1037 4298 .
