2786 4620
223 261 300 346 344
529 263 792 336 nummum
812 263 1010 332 aaaamo

224 453 279 494 eeu
294 427 389 492 dabit:
411 426 438 486 ie
452 425 529 487 enim
543 423 691 506 quidquid
702 421 887 501 calamitatis,
909 417 1057 502 quidquid
1068 419 1204 501 rapinae,
1224 419 1319 500 quid-

225 531 300 614 quid
322 527 488 610 diepeudii,
510 524 659 606 quidquid
680 527 798 597 luotue,
819 523 968 605 quidquid
989 522 1124 584 miseriae
1146 522 1320 601 excogitare

197 633 342 717 cpotuit,
364 629 449 712 quani
468 637 587 690 tmrena
599 627 766 703 inundant,
788 625 821 685 in
839 647 896 686 noa
911 624 1027 687 effudit.
1069 624 1131 684 Neo
1142 625 1177 684 iu
1196 633 1319 685 centum

224 734 334 816 viginti
355 731 457 796 diebus
479 749 541 790 uua
563 730 667 790 aaltam
695 726 867 808 praeteriit,
897 745 971 806 quaa
995 745 1059 786 nou
1076 725 1204 803 gemitus
1228 725 1320 786 uobia

223 837 388 922 praeberet,
410 841 440 892 et
452 831 560 894 luctus.
603 829 703 892 Pridie
716 851 810 890 nonae
822 829 910 904 lunii,
931 836 968 888 ut
980 827 1115 908 superiua
1129 827 1318 908 aaripaimue,

223 933 513 1016 Conatantiaopolim
528 941 597 992 anta
610 942 729 1013 portem
744 934 866 994 Caream
883 927 912 1013 3)
938 929 1091 1006 venimus,
1112 938 1143 990 et
1162 949 1259 1010 unque
1276 929 1322 990 ad

222 1037 409 1100 undecimam
429 1035 534 1097 horam
559 1055 628 1094 cum
650 1035 749 1114 equie,
772 1055 835 1096 uon
854 1031 973 1094 modica
990 1031 1112 1112 pluvia,
1138 1032 1320 1112 expectavi-

223 1161 298 1202 mue.
339 1136 503 1199 Undecima
516 1155 588 1198 vero
602 1135 678 1195 hora
690 1157 754 1197 non
765 1147 846 1197 ratus
859 1131 1044 1215 Nicephorue
1057 1153 1111 1192 noa
1123 1133 1230 1213 digana
1242 1154 1319 1210 aeae,

223 1253 285 1302 tem
301 1251 421 1302 ornatae
436 1247 536 1301 veetra
547 1237 753 1300 misericordia
767 1237 914 1317 equitare,
937 1235 1041 1297 venire
1052 1234 1156 1313 iuaeit,
1178 1247 1209 1298 et
1221 1257 1323 1318 uaqua

221 1344 256 1404 in
275 1343 438 1424 praefatam
459 1339 582 1400 domum
601 1359 813 1417 marmoream,
835 1339 979 1414 invisam,
1001 1337 1194 1418 inaquosam,
1215 1349 1320 1419 patu-

220 1447 281 1506 lam
309 1464 409 1505 aumua
435 1441 565 1503 deducti.
617 1441 740 1503 Octavo
758 1451 873 1519 eutem,
899 1440 932 1500 id
949 1449 994 1500 eet
1010 1437 1041 1526 ⁴)
1066 1439 1191 1500 Sabbato
1214 1441 1320 1522 primo

223 1547 339 1607 dierum
357 1547 546 1606 Pentecosten
568 1551 637 1602 ante
651 1543 751 1602 fratria
773 1544 835 1604 eiua
848 1541 954 1603 Laouie
967 1542 1119 1623 Coroplati
1135 1539 1165 1624 ⁶)
1174 1588 1183 1620 ,
1205 1552 1236 1603 et
1253 1544 1320 1603 Lo-

222 1647 358 1726 gothetaa
375 1645 571 1727 praesentiam
589 1664 655 1704 eum
670 1643 831 1720 deductus,
852 1643 955 1705 ubido
970 1644 1120 1725 Imperiali
1138 1654 1240 1704 veatae
1253 1665 1318 1704 no-

190 1748 304 1818 Dmine
324 1767 429 1828 magna
450 1765 551 1806 eumue
571 1723 762 1805 ¹contentione
787 1747 911 1825 fatigati.
959 1747 1026 1826 lpee
1048 1747 1126 1806 enim
1150 1764 1221 1821 voe,
1251 1767 1318 1806 nou

222 1850 450 1928 imperatorem,
469 1847 502 1906 id
522 1856 567 1908 aat
588 1845 710 1928 βασιλέα
724 1867 778 1906 aua
798 1846 918 1926 lingua,
941 1849 993 1907 eod
1014 1848 1052 1908 ob
1073 1847 1316 1925 indignationem

222 1951 317 2032 ῥῆγα,
338 1949 372 2010 id
393 1958 439 2009 aet
459 1949 571 2029 Regem
593 1957 696 2010 uoatra
717 1949 852 2009 vocabat.
895 1950 951 2008 Cui
973 1971 1043 2010 oum
1064 1951 1211 2026 dicerem,
1233 1951 1318 2030 quod

221 2051 406 2130 aignifioatur
425 2050 506 2111 idem
528 2069 605 2128 aeae,
628 2049 763 2130 quamvie
786 2051 866 2131 quod
887 2051 1037 2131 siguificat
1058 2051 1227 2128 drauum,
1258 2073 1315 2124 me,

221 2153 275 2232 ait,
298 2173 361 2214 nou
371 2151 471 2234 pecie,
487 2152 539 2212 aed
554 2153 753 2214 contentionis
769 2174 856 2214 oeuaa
870 2153 996 2230 vaniaae,
1017 2154 1119 2234 aioque
1132 2154 1230 2214 iratua
1245 2176 1311 2215 aur-

221 2275 310 2334 gana,
332 2265 446 2318 vestrae
462 2255 583 2332 literae,
604 2275 675 2318 vera
695 2255 869 2336 indiguam,
890 2276 954 2316 nou
975 2275 1096 2335 perae,
1118 2257 1170 2316 eed
1187 2275 1243 2337 per
1259 2257 1316 2318 iu-

220 2365 381 2437 terpretem
397 2357 547 2438 auecepit,
568 2357 659 2418 homo
671 2357 736 2438 ipae
749 2357 788 2418 ad
799 2377 957 2438 pereanem
969 2357 1042 2416 aatie
1057 2378 1216 2438 procerus,
1237 2361 1315 2420 ialao

110 2453 167 2507 0⁰¹·
183 2453 210 2516 ἒ,
225 2457 364 2518 humiliat
392 2458 441 2516 oui
467 2458 493 2517 ei
517 2458 634 2519 iuuiaua
657 2457 877 2537 homoluerit,
905 2479 1025 2519 manum
1049 2461 1112 2520 eiua
1138 2463 1316 2541 perforabit.

221 2559 466 2639 septimoautem
481 2559 514 2619 id
532 2570 578 2620 eat
590 2557 619 2644 θ)
643 2559 712 2641 ipso
731 2559 875 2621 videlicet
892 2563 1002 2622 Sancto
1016 2561 1064 2622 dio
1078 2563 1261 2623 Pauteooatee
1277 2564 1314 2624 iu

222 2659 327 2736 domo,
356 2677 432 2738 quae
452 2660 564 2724 dicitur
584 2656 739 2741 Στεφάνα,
760 2659 794 2721 id
814 2672 861 2722 eat
879 2663 1048 2722 Coronaria
1065 2674 1135 2724 anta
1153 2665 1314 2746 Nicdplro-

223 2781 291 2822 rum
312 2779 377 2820 aum
398 2760 564 2840 deduotua,
590 2761 742 2824 homiuem
763 2763 834 2822 aetia
858 2775 1097 2841 menstruatum,
1125 2787 1312 2845 pygmaeum,

225 2862 320 2941 capite
333 2861 486 2942 pinguem,
505 2874 594 2944 atque
604 2865 760 2925 oculorum
774 2866 922 2946 parvitate
933 2867 1090 2946 talpinum,
1111 2867 1202 2926 barba
1216 2880 1313 2960 curta,

219 2965 295 3040 lata,
324 2964 435 3044 apiaea,
463 2973 493 3026 et
513 2965 663 3027 aemiceua
682 2967 836 3028 foedatum
842 3011 853 3045 ,
875 2967 991 3028 cervice
1008 2967 1125 3046 digitali
1144 2979 1313 3050 turpatum,

219 3066 410 3146 prolixitate,
432 3075 462 3128 et
478 3066 623 3129 densitate
637 3089 791 3131 comatum
805 3071 875 3130 aetia
887 3069 990 3149 lopam
1004 3065 1049 3152 ⁷),
1070 3069 1171 3131 colore
1185 3072 1314 3134 Aethio-

220 3187 307 3246 pem,
330 3166 381 3228 oui
394 3187 448 3246 per
462 3167 590 3230 mediam
607 3171 686 3230 nolit
701 3189 858 3232 occurrere
870 3179 1006 3230 noctem:
1027 3183 1132 3232 vautra
1146 3183 1313 3250 extentum,

219 3268 340 3328 natibus
360 3269 487 3347 aiccum,
508 3271 593 3332 coxis
609 3272 649 3333 ad
662 3291 832 3334 mensuram
846 3272 942 3352 ipeam
961 3272 1080 3333 brevem
1095 3275 1312 3354 longieeimum,

220 3367 355 3428 ortuibua
376 3389 522 3451 parvum,
550 3373 710 3450 odomeie,
738 3373 924 3454 pedibueque
950 3375 1118 3454 aequalem,
1146 3379 1255 3439 villino
1276 3379 1315 3460 ⁸),

218 3467 270 3528 aed
279 3468 366 3530 nimia
377 3481 546 3551 veternoso,
560 3475 612 3534 val
624 3474 821 3538 diuturnitate
835 3478 901 3559 ipea
914 3477 1037 3553 foetido,
1055 3480 1205 3558 atpallido
1220 3501 1313 3542 orua-

193 3579 323 3633 Bmeuto
333 3571 483 3650 indutum,
490 3573 636 3654 Sicyoniia
643 3577 847 3638 calceameutia
855 3579 1027 3652 calceatum,
1035 3577 1311 3662 linguaproceoem,

153 3721 157 3732 .
217 3671 336 3750 ingenio
351 3671 489 3752 vulpem,
512 3676 659 3755 periurio,
680 3699 733 3740 eeu
746 3679 899 3740 mendacio
914 3679 1061 3758 Ulyaeem.
1103 3684 1313 3764 Sempormihi

218 3771 330 3832 domini
343 3773 401 3832 mei
417 3774 615 3855 Imperatorea
630 3778 772 3858 Augusti,
792 3780 916 3841 formosi
932 3790 1044 3859 quanto
1059 3780 1132 3842 ltiuo
1147 3785 1314 3846 lormeaio-

216 3893 265 3934 ree
291 3872 349 3936 viai
374 3875 466 3936 aetia?
494 3897 610 3962 temper
636 3875 751 3961 ornati,
781 3891 891 3963 quanto
912 3880 984 3942 hino
1007 3883 1195 3957 ornatioreal
1230 3908 1311 3950 aem·

248 4092 280 4159 3)
304 4090 375 4145 Fore.
398 4093 518 4146 Aureum.
546 4095 623 4152 Con.
705 4095 737 4167 4)
760 4099 833 4152 Fon.
854 4099 923 4152 idua.
947 4100 1031 4156 Matr.
1108 4102 1141 4170 5)
1166 4102 1311 4172 caropota-

284 4169 336 4212 toe.
361 4160 444 4214 Mur.
502 4164 535 4232 6)
552 4165 622 4222 ldua.
643 4165 724 4222 Mur.
786 4169 818 4238 7)
835 4167 1027 4225 Aliaekirtueu.
1046 4169 1123 4224 Cea.
1191 4175 1220 4238 8)
1239 4174 1312 4228 Aliae

285 4229 391 4296 ὁμοίω.
417 4233 496 4286 Gau.
872 4275 874 4280 -
