<?xml version="1.0" encoding="UTF-8"?>
<!DOCTYPE html PUBLIC "-//W3C//DTD XHTML 1.0 Transitional//EN"
    "http://www.w3.org/TR/xhtml1/DTD/xhtml1-transitional.dtd">
<html xmlns="http://www.w3.org/1999/xhtml" xml:lang="en" lang="en">
 <head>
  <title>
</title>
<meta http-equiv="Content-Type" content="text/html;charset=utf-8" />
  <meta name='ocr-system' content='tesseract 3.04.00' />
  <meta name='ocr-capabilities' content='ocr_page ocr_carea ocr_par ocr_line ocrx_word'/>
</head>
<body>
  <div class='ocr_page' id='page_1' title='image "./leonisdiaconica00theogoog_0029.png"; bbox 0 0 2780 4658; ppageno 0'>
   <div class='ocr_carea' id='block_1_1' title="bbox 68 207 1205 460">
    <p class='ocr_par' dir='ltr' id='par_1_1' title="bbox 68 207 1205 460">
     <span class='ocr_line' id='line_1_1' title="bbox 563 207 1205 284; baseline 0.025 -8"><span class='ocrx_word' id='word_1_1' title='bbox 563 207 816 280; x_wconf 76' lang='lat' dir='ltr'><strong>PRAEFATIO.</strong></span> <span class='ocrx_word' id='word_1_2' title='bbox 1119 233 1205 284; x_wconf 76' lang='lat'>¹1¹¹!</span> 
     </span>
     <span class='ocr_line' id='line_1_2' title="bbox 68 345 1205 460; baseline 0.029 -49"><span class='ocrx_word' id='word_1_3' title='bbox 68 345 214 432; x_wconf 67' lang='grc' dir='ltr'><strong>εαὶρίοη</strong></span> <span class='ocrx_word' id='word_1_4' title='bbox 231 358 396 436; x_wconf 84' lang='lat' dir='ltr'><strong>primum</strong></span> <span class='ocrx_word' id='word_1_5' title='bbox 420 365 551 428; x_wconf 89' lang='lat' dir='ltr'><strong>edendo.</strong></span> <span class='ocrx_word' id='word_1_6' title='bbox 598 369 653 428; x_wconf 88' lang='lat' dir='ltr'><strong>Ubi</strong></span> <span class='ocrx_word' id='word_1_7' title='bbox 664 371 726 430; x_wconf 85' lang='lat' dir='ltr'><strong>sere</strong></span> <span class='ocrx_word' id='word_1_8' title='bbox 749 371 814 434; x_wconf 89' lang='lat' dir='ltr'><strong>lieri</strong></span> <span class='ocrx_word' id='word_1_9' title='bbox 825 393 888 434; x_wconf 91' lang='lat' dir='ltr'><strong>nou</strong></span> <span class='ocrx_word' id='word_1_10' title='bbox 901 385 1018 457; x_wconf 70' lang='lat' dir='ltr'><strong>potent,</strong></span> <span class='ocrx_word' id='word_1_11' title='bbox 1047 377 1122 456; x_wconf 91' lang='lat' dir='ltr'><strong>quin</strong></span> <span class='ocrx_word' id='word_1_12' title='bbox 1137 400 1205 460; x_wconf 85' lang='lat' dir='ltr'><strong>para</strong></span> 
     </span>
    </p>
   </div>
   <div class='ocr_carea' id='block_1_2' title="bbox 62 455 1309 4228">
    <p class='ocr_par' dir='ltr' id='par_1_2' title="bbox 62 455 1207 1266">
     <span class='ocr_line' id='line_1_3' title="bbox 66 455 1207 555; baseline 0.027 -44"><span class='ocrx_word' id='word_1_13' title='bbox 66 455 251 519; x_wconf 68' lang='lat' dir='ltr'><strong>ustorum</strong></span> <span class='ocrx_word' id='word_1_14' title='bbox 277 466 446 530; x_wconf 79' lang='lat' dir='ltr'><strong>Codicum</strong></span> <span class='ocrx_word' id='word_1_15' title='bbox 476 471 742 532; x_wconf 67' lang='lat' dir='ltr'><strong>comminantium</strong></span> <span class='ocrx_word' id='word_1_16' title='bbox 763 475 944 555; x_wconf 78' lang='lat' dir='ltr'><strong>diligentiam</strong></span> <span class='ocrx_word' id='word_1_17' title='bbox 968 477 1016 540; x_wconf 80' lang='lat' dir='ltr'><strong>rel</strong></span> <span class='ocrx_word' id='word_1_18' title='bbox 1037 479 1207 542; x_wconf 87' lang='lat' dir='ltr'><strong>minutiaai·</strong></span> 
     </span>
     <span class='ocr_line' id='line_1_4' title="bbox 64 557 1207 662; baseline 0.019 -39"><span class='ocrx_word' id='word_1_19' title='bbox 64 575 138 616; x_wconf 69' lang='lat' dir='ltr'><strong>¹²ss</strong></span> <span class='ocrx_word' id='word_1_20' title='bbox 153 557 316 644; x_wconf 69' lang='lat' dir='ltr'><strong>effugiat,</strong></span> <span class='ocrx_word' id='word_1_21' title='bbox 351 570 456 652; x_wconf 88' lang='lat' dir='ltr'><strong>inque</strong></span> <span class='ocrx_word' id='word_1_22' title='bbox 479 572 576 652; x_wconf 83' lang='lat' dir='ltr'><strong>ipsam</strong></span> <span class='ocrx_word' id='word_1_23' title='bbox 597 573 757 636; x_wconf 79' lang='lat' dir='ltr'><strong>editionem</strong></span> <span class='ocrx_word' id='word_1_24' title='bbox 775 579 932 641; x_wconf 88' lang='lat' dir='ltr'><strong>redundet.</strong></span> <span class='ocrx_word' id='word_1_25' title='bbox 972 579 1017 638; x_wconf 90' lang='lat' dir='ltr'><strong>lta</strong></span> <span class='ocrx_word' id='word_1_26' title='bbox 1040 583 1123 662; x_wconf 90' lang='lat' dir='ltr'><strong>quod</strong></span> <span class='ocrx_word' id='word_1_27' title='bbox 1143 595 1207 645; x_wconf 89' lang='lat' dir='ltr'><strong>erat</strong></span> 
     </span>
     <span class='ocr_line' id='line_1_5' title="bbox 65 659 1205 764; baseline 0.019 -40"><span class='ocrx_word' id='word_1_28' title='bbox 65 659 221 740; x_wconf 68' lang='lat' dir='ltr'><strong>reliquum</strong></span> <span class='ocrx_word' id='word_1_29' title='bbox 240 674 400 749; x_wconf 80' lang='lat' dir='ltr'><strong>tentavi,</strong></span> <span class='ocrx_word' id='word_1_30' title='bbox 430 683 469 734; x_wconf 90' lang='lat' dir='ltr'><strong>ut</strong></span> <span class='ocrx_word' id='word_1_31' title='bbox 489 695 565 754; x_wconf 86' lang='lat' dir='ltr'><strong>qnae</strong></span> <span class='ocrx_word' id='word_1_32' title='bbox 583 695 713 756; x_wconf 81' lang='lat' dir='ltr'><strong>possem,</strong></span> <span class='ocrx_word' id='word_1_33' title='bbox 735 679 914 741; x_wconf 86' lang='lat' dir='ltr'><strong>coniecturis</strong></span> <span class='ocrx_word' id='word_1_34' title='bbox 930 693 959 742; x_wconf 90' lang='lat' dir='ltr'><strong>et</strong></span> <span class='ocrx_word' id='word_1_35' title='bbox 974 686 1205 764; x_wconf 83' lang='lat' dir='ltr'><strong>comparationi-</strong></span> 
     </span>
     <span class='ocr_line' id='line_1_6' title="bbox 64 760 1204 868; baseline 0.026 -46"><span class='ocrx_word' id='word_1_36' title='bbox 64 760 115 822; x_wconf 80' lang='lat' dir='ltr'><strong>bus</strong></span> <span class='ocrx_word' id='word_1_37' title='bbox 135 761 382 854; x_wconf 88' lang='lat' dir='ltr'><strong>emendarem,</strong></span> <span class='ocrx_word' id='word_1_38' title='bbox 414 779 527 838; x_wconf 86' lang='lat' dir='ltr'><strong>collato</strong></span> <span class='ocrx_word' id='word_1_39' title='bbox 542 777 674 839; x_wconf 83' lang='lat' dir='ltr'><strong>Cedresm</strong></span> <span class='ocrx_word' id='word_1_40' title='bbox 698 789 728 840; x_wconf 88' lang='lat' dir='ltr'><strong>et</strong></span> <span class='ocrx_word' id='word_1_41' title='bbox 742 781 886 861; x_wconf 81' lang='lat' dir='ltr'><strong>Scylitae,</strong></span> <span class='ocrx_word' id='word_1_42' title='bbox 914 783 966 863; x_wconf 92' lang='lat' dir='ltr'><strong>qui</strong></span> <span class='ocrx_word' id='word_1_43' title='bbox 991 788 1144 868; x_wconf 87' lang='lat' dir='ltr'><strong>complura</strong></span> <span class='ocrx_word' id='word_1_44' title='bbox 1164 810 1204 852; x_wconf 86' lang='lat' dir='ltr'><strong>ex</strong></span> 
     </span>
     <span class='ocr_line' id='line_1_7' title="bbox 62 865 1201 970; baseline 0.026 -47"><span class='ocrx_word' id='word_1_45' title='bbox 62 865 162 926; x_wconf 74' lang='lat' dir='ltr'><strong>leone</strong></span> <span class='ocrx_word' id='word_1_46' title='bbox 175 871 389 936; x_wconf 79' lang='lat' dir='ltr'><strong>adverbum</strong></span> <span class='ocrx_word' id='word_1_47' title='bbox 408 880 442 938; x_wconf 89' lang='lat' dir='ltr'><strong>in</strong></span> <span class='ocrx_word' id='word_1_48' title='bbox 464 879 606 940; x_wconf 76' lang='lat' dir='ltr'><strong>historias</strong></span> <span class='ocrx_word' id='word_1_49' title='bbox 626 901 693 942; x_wconf 83' lang='lat' dir='ltr'><strong>aues</strong></span> <span class='ocrx_word' id='word_1_50' title='bbox 713 885 931 946; x_wconf 82' lang='lat' dir='ltr'><strong>transtulerunt</strong></span> <span class='ocrx_word' id='word_1_51' title='bbox 953 881 1027 969; x_wconf 86' lang='lat' dir='ltr'><strong>(vid.</strong></span> <span class='ocrx_word' id='word_1_52' title='bbox 1049 910 1139 970; x_wconf 85' lang='lat' dir='ltr'><strong>supra</strong></span> <span class='ocrx_word' id='word_1_53' title='bbox 1158 914 1201 954; x_wconf 81' lang='lat'><strong>11.</strong></span> 
     </span>
     <span class='ocr_line' id='line_1_8' title="bbox 62 967 1202 1072; baseline 0.024 -45"><span class='ocrx_word' id='word_1_54' title='bbox 62 967 97 1028; x_wconf 79' lang='lat' dir='ltr'><strong>l).</strong></span> <span class='ocrx_word' id='word_1_55' title='bbox 111 989 146 1030; x_wconf 85' lang='lat'><strong>1.</strong></span> <span class='ocrx_word' id='word_1_56' title='bbox 166 971 209 1032; x_wconf 85' lang='grc' dir='ltr'><strong>Δ.</strong></span> <span class='ocrx_word' id='word_1_57' title='bbox 229 975 326 1038; x_wconf 79' lang='lat' dir='ltr'><strong>infra</strong></span> <span class='ocrx_word' id='word_1_58' title='bbox 340 980 423 1046; x_wconf 76' lang='lat'><strong>225·</strong></span> <span class='ocrx_word' id='word_1_59' title='bbox 439 977 506 1060; x_wconf 75' lang='lat' dir='ltr'>A.)=</span> <span class='ocrx_word' id='word_1_60' title='bbox 528 991 694 1062; x_wconf 86' lang='lat' dir='ltr'><strong>postremo,</strong></span> <span class='ocrx_word' id='word_1_61' title='bbox 717 1005 791 1062; x_wconf 87' lang='lat' dir='ltr'><strong>quaa</strong></span> <span class='ocrx_word' id='word_1_62' title='bbox 805 986 882 1046; x_wconf 84' lang='lat' dir='ltr'><strong>ratio</strong></span> <span class='ocrx_word' id='word_1_63' title='bbox 908 997 937 1046; x_wconf 92' lang='lat' dir='ltr'><strong>et</strong></span> <span class='ocrx_word' id='word_1_64' title='bbox 958 989 1095 1050; x_wconf 87' lang='lat' dir='ltr'><strong>doctrina</strong></span> <span class='ocrx_word' id='word_1_65' title='bbox 1111 1011 1202 1072; x_wconf 86' lang='lat' dir='ltr'><strong>prae-</strong></span> 
     </span>
     <span class='ocr_line' id='line_1_9' title="bbox 62 1072 1204 1164; baseline 0.02 -31"><span class='ocrx_word' id='word_1_66' title='bbox 62 1072 211 1134; x_wconf 67' lang='lat' dir='ltr'><strong>mibere</strong></span> <span class='ocrx_word' id='word_1_67' title='bbox 235 1077 454 1159; x_wconf 82' lang='lat' dir='ltr'><strong>ridebantur,</strong></span> <span class='ocrx_word' id='word_1_68' title='bbox 483 1102 517 1141; x_wconf 89' lang='lat' dir='ltr'><strong>ea</strong></span> <span class='ocrx_word' id='word_1_69' title='bbox 540 1105 596 1164; x_wconf 92' lang='lat' dir='ltr'><strong>pro</strong></span> <span class='ocrx_word' id='word_1_70' title='bbox 622 1085 765 1148; x_wconf 79' lang='lat' dir='ltr'><strong>facultate</strong></span> <span class='ocrx_word' id='word_1_71' title='bbox 787 1088 820 1148; x_wconf 93' lang='lat' dir='ltr'><strong>iu</strong></span> <span class='ocrx_word' id='word_1_72' title='bbox 843 1091 1049 1152; x_wconf 85' lang='lat' dir='ltr'><strong>constituenda</strong></span> <span class='ocrx_word' id='word_1_73' title='bbox 1070 1094 1204 1155; x_wconf 90' lang='lat' dir='ltr'><strong>oratione</strong></span> 
     </span>
     <span class='ocr_line' id='line_1_10' title="bbox 70 1177 611 1266; baseline 0.02 -28"><span class='ocrx_word' id='word_1_74' title='bbox 70 1177 194 1242; x_wconf 79' lang='lat' dir='ltr'><strong>Gnacu</strong></span> <span class='ocrx_word' id='word_1_75' title='bbox 208 1194 351 1244; x_wconf 63' lang='lat' dir='ltr'><strong>munus</strong></span> <span class='ocrx_word' id='word_1_76' title='bbox 368 1205 441 1244; x_wconf 87' lang='lat' dir='ltr'><strong>sum</strong></span> <span class='ocrx_word' id='word_1_77' title='bbox 455 1196 611 1266; x_wconf 86' lang='lat' dir='ltr'><strong>praestare.</strong></span> 
     </span>
    </p>

    <p class='ocr_par' dir='ltr' id='par_1_3' title="bbox 64 1283 1202 2187">
     <span class='ocr_line' id='line_1_11' title="bbox 157 1283 1202 1372; baseline 0.012 -27"><span class='ocrx_word' id='word_1_78' title='bbox 157 1283 200 1345; x_wconf 85' lang='lat' dir='ltr'><strong>X.</strong></span> <span class='ocrx_word' id='word_1_79' title='bbox 224 1287 398 1346; x_wconf 85' lang='lat' dir='ltr'><strong>Libellum</strong></span> <span class='ocrx_word' id='word_1_80' title='bbox 415 1285 487 1370; x_wconf 76' lang='lat' dir='ltr'><strong>saepi</strong></span> <span class='ocrx_word' id='word_1_81' title='bbox 502 1290 700 1372; x_wconf 66' lang='grc' dir='ltr'><strong><em>παραδρομῆς</em></strong></span> <span class='ocrx_word' id='word_1_82' title='bbox 712 1289 861 1372; x_wconf 72' lang='grc' dir='ltr'><strong><em>πολέμου,</em></strong></span> <span class='ocrx_word' id='word_1_83' title='bbox 882 1289 919 1352; x_wconf 79' lang='lat' dir='ltr'><strong>de</strong></span> <span class='ocrx_word' id='word_1_84' title='bbox 940 1294 1114 1357; x_wconf 74' lang='lat' dir='ltr'><strong>velitatione</strong></span> <span class='ocrx_word' id='word_1_85' title='bbox 1139 1299 1202 1358; x_wconf 81' lang='lat' dir='ltr'><strong>bel·</strong></span> 
     </span>
     <span class='ocr_line' id='line_1_12' title="bbox 64 1383 1201 1479; baseline 0.017 -37"><span class='ocrx_word' id='word_1_86' title='bbox 64 1383 145 1458; x_wconf 61' lang='lat' dir='ltr'><strong>aaa,</strong></span> <span class='ocrx_word' id='word_1_87' title='bbox 172 1386 292 1447; x_wconf 83' lang='lat' dir='ltr'><strong>adhuc</strong></span> <span class='ocrx_word' id='word_1_88' title='bbox 309 1389 484 1462; x_wconf 87' lang='lat' dir='ltr'><strong>ineditum,</strong></span> <span class='ocrx_word' id='word_1_89' title='bbox 507 1391 639 1451; x_wconf 87' lang='lat' dir='ltr'><strong>secundo</strong></span> <span class='ocrx_word' id='word_1_90' title='bbox 656 1393 725 1452; x_wconf 91' lang='lat' dir='ltr'><strong>loco</strong></span> <span class='ocrx_word' id='word_1_91' title='bbox 746 1395 908 1473; x_wconf 82' lang='lat' dir='ltr'><strong>collocavi,</strong></span> <span class='ocrx_word' id='word_1_92' title='bbox 929 1406 965 1456; x_wconf 93' lang='lat' dir='ltr'><strong>ut</strong></span> <span class='ocrx_word' id='word_1_93' title='bbox 978 1395 1131 1459; x_wconf 88' lang='lat' dir='ltr'><strong>historiam</strong></span> <span class='ocrx_word' id='word_1_94' title='bbox 1149 1420 1201 1479; x_wconf 86' lang='lat' dir='ltr'><strong>ge·</strong></span> 
     </span>
     <span class='ocr_line' id='line_1_13' title="bbox 66 1489 1201 1575; baseline 0.014 -29"><span class='ocrx_word' id='word_1_95' title='bbox 66 1495 191 1547; x_wconf 76' lang='lat' dir='ltr'><strong>starum</strong></span> <span class='ocrx_word' id='word_1_96' title='bbox 210 1511 233 1547; x_wconf 86' lang='lat' dir='ltr'><strong>a</strong></span> <span class='ocrx_word' id='word_1_97' title='bbox 246 1489 433 1570; x_wconf 82' lang='lat' dir='ltr'><strong>Nicephoro</strong></span> <span class='ocrx_word' id='word_1_98' title='bbox 446 1492 522 1570; x_wconf 78' lang='lat' dir='ltr'><strong>Aug.</strong></span> <span class='ocrx_word' id='word_1_99' title='bbox 544 1511 646 1554; x_wconf 86' lang='lat' dir='ltr'><strong>rerum</strong></span> <span class='ocrx_word' id='word_1_100' title='bbox 668 1494 791 1575; x_wconf 82' lang='lat' dir='ltr'><strong>scriptio</strong></span> <span class='ocrx_word' id='word_1_101' title='bbox 812 1496 943 1555; x_wconf 80' lang='lat' dir='ltr'><strong>eiusdem</strong></span> <span class='ocrx_word' id='word_1_102' title='bbox 962 1497 1045 1559; x_wconf 82' lang='lat' dir='ltr'><strong>iussu</strong></span> <span class='ocrx_word' id='word_1_103' title='bbox 1067 1502 1201 1562; x_wconf 80' lang='lat' dir='ltr'><strong>confecta</strong></span> 
     </span>
     <span class='ocr_line' id='line_1_14' title="bbox 68 1590 1200 1680; baseline 0.013 -32"><span class='ocrx_word' id='word_1_104' title='bbox 68 1590 251 1671; x_wconf 83' lang='lat' dir='ltr'><strong>exciperet.</strong></span> <span class='ocrx_word' id='word_1_105' title='bbox 294 1591 400 1666; x_wconf 78' lang='lat' dir='ltr'><strong>Quam</strong></span> <span class='ocrx_word' id='word_1_106' title='bbox 413 1613 475 1652; x_wconf 90' lang='lat' dir='ltr'><strong>non</strong></span> <span class='ocrx_word' id='word_1_107' title='bbox 488 1592 524 1651; x_wconf 89' lang='lat' dir='ltr'><strong>ab</strong></span> <span class='ocrx_word' id='word_1_108' title='bbox 537 1593 604 1674; x_wconf 85' lang='lat' dir='ltr'><strong>ipso</strong></span> <span class='ocrx_word' id='word_1_109' title='bbox 616 1595 783 1678; x_wconf 86' lang='lat' dir='ltr'><strong>Nicephoro</strong></span> <span class='ocrx_word' id='word_1_110' title='bbox 797 1597 906 1658; x_wconf 86' lang='lat' dir='ltr'><strong>litteris</strong></span> <span class='ocrx_word' id='word_1_111' title='bbox 918 1600 1118 1678; x_wconf 86' lang='lat' dir='ltr'><strong>consignatam</strong></span> <span class='ocrx_word' id='word_1_112' title='bbox 1127 1623 1200 1680; x_wconf 88' lang='lat' dir='ltr'><strong>esae,</strong></span> 
     </span>
     <span class='ocr_line' id='line_1_15' title="bbox 70 1694 1199 1782; baseline 0.014 -32"><span class='ocrx_word' id='word_1_113' title='bbox 70 1694 351 1770; x_wconf 85' lang='lat' dir='ltr'><strong>quemadmodum</strong></span> <span class='ocrx_word' id='word_1_114' title='bbox 377 1695 527 1755; x_wconf 83' lang='lat' dir='ltr'><strong>Meursina</strong></span> <span class='ocrx_word' id='word_1_115' title='bbox 551 1697 737 1760; x_wconf 83' lang='lat' dir='ltr'><strong>existimabat</strong></span> <span class='ocrx_word' id='word_1_116' title='bbox 757 1698 858 1782; x_wconf 80' lang='lat' dir='ltr'><strong>(conf.</strong></span> <span class='ocrx_word' id='word_1_117' title='bbox 877 1701 1014 1762; x_wconf 86' lang='lat' dir='ltr'><strong>Lambec.</strong></span> <span class='ocrx_word' id='word_1_118' title='bbox 1038 1703 1199 1766; x_wconf 83' lang='lat' dir='ltr'><strong>Commeat.</strong></span> 
     </span>
     <span class='ocr_line' id='line_1_16' title="bbox 75 1793 1199 1888; baseline 0.012 -34"><span class='ocrx_word' id='word_1_119' title='bbox 75 1793 112 1854; x_wconf 80' lang='lat' dir='ltr'><strong>de</strong></span> <span class='ocrx_word' id='word_1_120' title='bbox 124 1795 219 1862; x_wconf 83' lang='lat' dir='ltr'><strong>Bibl.</strong></span> <span class='ocrx_word' id='word_1_121' title='bbox 239 1799 327 1856; x_wconf 66' lang='lat' dir='ltr'><strong>Caes.</strong></span> <span class='ocrx_word' id='word_1_122' title='bbox 345 1795 413 1857; x_wconf 85' lang='lat' dir='ltr'><strong>vlt.</strong></span> <span class='ocrx_word' id='word_1_123' title='bbox 432 1798 503 1863; x_wconf 80' lang='lat'><strong>433.</strong></span> <span class='ocrx_word' id='word_1_124' title='bbox 519 1797 584 1881; x_wconf 68' lang='lat' dir='ltr'><strong>li),</strong></span> <span class='ocrx_word' id='word_1_125' title='bbox 604 1821 672 1862; x_wconf 89' lang='lat' dir='ltr'><strong>cum</strong></span> <span class='ocrx_word' id='word_1_126' title='bbox 688 1821 725 1884; x_wconf 83' lang='lat' dir='ltr'><strong>ex</strong></span> <span class='ocrx_word' id='word_1_127' title='bbox 741 1802 881 1864; x_wconf 85' lang='lat' dir='ltr'><strong>universo</strong></span> <span class='ocrx_word' id='word_1_128' title='bbox 905 1825 993 1885; x_wconf 90' lang='lat' dir='ltr'><strong>opere</strong></span> <span class='ocrx_word' id='word_1_129' title='bbox 1006 1807 1199 1888; x_wconf 73' lang='lat' dir='ltr'><strong>perspicitur,</strong></span> 
     </span>
     <span class='ocr_line' id='line_1_17' title="bbox 72 1899 1198 1985; baseline 0.012 -27"><span class='ocrx_word' id='word_1_130' title='bbox 72 1907 143 1958; x_wconf 85' lang='lat' dir='ltr'><strong>tum</strong></span> <span class='ocrx_word' id='word_1_131' title='bbox 156 1921 239 1961; x_wconf 74' lang='lat' dir='ltr'><strong>vero</strong></span> <span class='ocrx_word' id='word_1_132' title='bbox 256 1899 376 1982; x_wconf 80' lang='lat' dir='ltr'><strong>apertis</strong></span> <span class='ocrx_word' id='word_1_133' title='bbox 391 1899 492 1960; x_wconf 83' lang='lat' dir='ltr'><strong>verbis</strong></span> <span class='ocrx_word' id='word_1_134' title='bbox 503 1903 560 1960; x_wconf 84' lang='lat' dir='ltr'><strong>sub</strong></span> <span class='ocrx_word' id='word_1_135' title='bbox 575 1901 663 1962; x_wconf 87' lang='lat' dir='ltr'><strong>finem</strong></span> <span class='ocrx_word' id='word_1_136' title='bbox 676 1905 867 1985; x_wconf 83' lang='lat' dir='ltr'><strong>praelationis</strong></span> <span class='ocrx_word' id='word_1_137' title='bbox 882 1911 952 1974; x_wconf 85' lang='lat'><strong>119.</strong></span> <span class='ocrx_word' id='word_1_138' title='bbox 971 1909 1005 1968; x_wconf 79' lang='lat' dir='ltr'><strong>l.</strong></span> <span class='ocrx_word' id='word_1_139' title='bbox 1020 1909 1198 1971; x_wconf 73' lang='lat' dir='ltr'><strong>declaratam.</strong></span> 
     </span>
     <span class='ocr_line' id='line_1_18' title="bbox 75 2001 1200 2090; baseline 0.009 -30"><span class='ocrx_word' id='word_1_140' title='bbox 75 2001 144 2062; x_wconf 79' lang='lat' dir='ltr'><strong>lice</strong></span> <span class='ocrx_word' id='word_1_141' title='bbox 156 2013 284 2080; x_wconf 64' lang='lat' dir='ltr'><strong>umen,</strong></span> <span class='ocrx_word' id='word_1_142' title='bbox 306 2003 335 2063; x_wconf 87' lang='lat' dir='ltr'><strong>ai</strong></span> <span class='ocrx_word' id='word_1_143' title='bbox 352 2003 391 2062; x_wconf 88' lang='lat' dir='ltr'><strong>de</strong></span> <span class='ocrx_word' id='word_1_144' title='bbox 410 2001 531 2062; x_wconf 89' lang='lat' dir='ltr'><strong>nomine</strong></span> <span class='ocrx_word' id='word_1_145' title='bbox 551 2003 705 2084; x_wconf 85' lang='lat' dir='ltr'><strong>scriptoria</strong></span> <span class='ocrx_word' id='word_1_146' title='bbox 726 2027 788 2066; x_wconf 89' lang='lat' dir='ltr'><strong>non</strong></span> <span class='ocrx_word' id='word_1_147' title='bbox 809 2006 953 2069; x_wconf 86' lang='lat' dir='ltr'><strong>habemus</strong></span> <span class='ocrx_word' id='word_1_148' title='bbox 977 2011 1059 2089; x_wconf 89' lang='lat' dir='ltr'><strong>quod</strong></span> <span class='ocrx_word' id='word_1_149' title='bbox 1078 2011 1200 2090; x_wconf 85' lang='lat' dir='ltr'><strong>liqueat,</strong></span> 
     </span>
     <span class='ocr_line' id='line_1_19' title="bbox 84 2103 1200 2187; baseline 0.005 -23"><span class='ocrx_word' id='word_1_150' title='bbox 84 2103 127 2164; x_wconf 85' lang='lat' dir='ltr'><strong>de</strong></span> <span class='ocrx_word' id='word_1_151' title='bbox 138 2115 283 2185; x_wconf 81' lang='lat' dir='ltr'><strong>tempore</strong></span> <span class='ocrx_word' id='word_1_152' title='bbox 296 2127 359 2185; x_wconf 91' lang='lat' dir='ltr'><strong>quo</strong></span> <span class='ocrx_word' id='word_1_153' title='bbox 376 2105 534 2164; x_wconf 81' lang='lat' dir='ltr'><strong>confectus</strong></span> <span class='ocrx_word' id='word_1_154' title='bbox 548 2103 588 2162; x_wconf 86' lang='lat' dir='ltr'><strong>ait</strong></span> <span class='ocrx_word' id='word_1_155' title='bbox 606 2104 632 2164; x_wconf 87' lang='lat' dir='ltr'><strong>is</strong></span> <span class='ocrx_word' id='word_1_156' title='bbox 646 2106 880 2170; x_wconf 82' lang='lat' dir='ltr'><strong>Commentarius</strong></span> <span class='ocrx_word' id='word_1_157' title='bbox 887 2156 896 2187; x_wconf 91' lang='lat'><strong>,</strong></span> <span class='ocrx_word' id='word_1_158' title='bbox 919 2111 1064 2171; x_wconf 79' lang='lat' dir='ltr'><strong>dubitatio</strong></span> <span class='ocrx_word' id='word_1_159' title='bbox 1082 2113 1200 2170; x_wconf 86' lang='lat' dir='ltr'><strong>infinita</strong></span> 
     </span>
    </p>

    <p class='ocr_par' dir='ltr' id='par_1_4' title="bbox 84 2205 1309 4228">
     <span class='ocr_line' id='line_1_20' title="bbox 92 2205 1199 2292; baseline 0.006 -26"><span class='ocrx_word' id='word_1_160' title='bbox 92 2227 160 2266; x_wconf 77' lang='lat' dir='ltr'><strong>ease</strong></span> <span class='ocrx_word' id='word_1_161' title='bbox 178 2217 286 2289; x_wconf 76' lang='lat' dir='ltr'><strong>potest.</strong></span> <span class='ocrx_word' id='word_1_162' title='bbox 338 2207 391 2267; x_wconf 77' lang='lat' dir='ltr'><strong>Ait</strong></span> <span class='ocrx_word' id='word_1_163' title='bbox 413 2215 548 2284; x_wconf 85' lang='lat' dir='ltr'><strong>auctor,¹</strong></span> <span class='ocrx_word' id='word_1_164' title='bbox 564 2205 700 2284; x_wconf 84' lang='lat' dir='ltr'><strong>quiaquia</strong></span> <span class='ocrx_word' id='word_1_165' title='bbox 720 2217 764 2266; x_wconf 87' lang='lat' dir='ltr'><strong>eat</strong></span> <span class='ocrx_word' id='word_1_166' title='bbox 784 2211 850 2284; x_wconf 88' lang='lat' dir='ltr'><strong>ille,</strong></span> <span class='ocrx_word' id='word_1_167' title='bbox 876 2232 894 2268; x_wconf 83' lang='lat' dir='ltr'><strong>a</strong></span> <span class='ocrx_word' id='word_1_168' title='bbox 912 2211 1081 2292; x_wconf 85' lang='lat' dir='ltr'><strong>Nicephoro</strong></span> <span class='ocrx_word' id='word_1_169' title='bbox 1101 2212 1199 2273; x_wconf 84' lang='lat' dir='ltr'><strong>Phoca</strong></span> 
     </span>
     <span class='ocr_line' id='line_1_21' title="bbox 84 2307 1198 2394; baseline 0.004 -27"><span class='ocrx_word' id='word_1_170' title='bbox 84 2307 166 2390; x_wconf 88' lang='lat' dir='ltr'><strong>Imp.</strong></span> <span class='ocrx_word' id='word_1_171' title='bbox 182 2310 358 2369; x_wconf 87' lang='lat' dir='ltr'><strong>mandatnm</strong></span> <span class='ocrx_word' id='word_1_172' title='bbox 373 2307 431 2366; x_wconf 86' lang='lat' dir='ltr'><strong>eibi</strong></span> <span class='ocrx_word' id='word_1_173' title='bbox 445 2327 525 2383; x_wconf 85' lang='lat' dir='ltr'><strong>esse,</strong></span> <span class='ocrx_word' id='word_1_174' title='bbox 546 2317 583 2366; x_wconf 90' lang='lat' dir='ltr'><strong>ut</strong></span> <span class='ocrx_word' id='word_1_175' title='bbox 595 2327 688 2387; x_wconf 81' lang='lat' dir='ltr'><strong>genua</strong></span> <span class='ocrx_word' id='word_1_176' title='bbox 702 2307 762 2394; x_wconf 80' lang='lat' dir='ltr'><strong>hoc</strong></span> <span class='ocrx_word' id='word_1_177' title='bbox 781 2310 915 2371; x_wconf 89' lang='lat' dir='ltr'><strong>bellandi</strong></span> <span class='ocrx_word' id='word_1_178' title='bbox 934 2313 1082 2392; x_wconf 74' lang='lat' dir='ltr'><strong>scriptura</strong></span> <span class='ocrx_word' id='word_1_179' title='bbox 1101 2333 1198 2393; x_wconf 87' lang='lat' dir='ltr'><strong>perae-</strong></span> 
     </span>
     <span class='ocr_line' id='line_1_22' title="bbox 88 2397 1198 2494; baseline 0.004 -22"><span class='ocrx_word' id='word_1_180' title='bbox 88 2422 250 2494; x_wconf 82' lang='lat' dir='ltr'><strong>queretur.</strong></span> <span class='ocrx_word' id='word_1_181' title='bbox 294 2397 516 2473; x_wconf 51' lang='lat' dir='ltr'><strong>lllum&#39;autem</strong></span> <span class='ocrx_word' id='word_1_182' title='bbox 538 2407 575 2468; x_wconf 89' lang='lat' dir='ltr'><strong>ob</strong></span> <span class='ocrx_word' id='word_1_183' title='bbox 597 2430 645 2470; x_wconf 87' lang='lat' dir='ltr'><strong>res</strong></span> <span class='ocrx_word' id='word_1_184' title='bbox 664 2410 740 2470; x_wconf 85' lang='lat' dir='ltr'><strong>bene</strong></span> <span class='ocrx_word' id='word_1_185' title='bbox 766 2420 860 2489; x_wconf 84' lang='lat' dir='ltr'><strong>gestas</strong></span> <span class='ocrx_word' id='word_1_186' title='bbox 884 2411 1024 2474; x_wconf 82' lang='lat' dir='ltr'><strong>laudibus</strong></span> <span class='ocrx_word' id='word_1_187' title='bbox 1043 2414 1080 2474; x_wconf 86' lang='lat' dir='ltr'><strong>iis</strong></span> <span class='ocrx_word' id='word_1_188' title='bbox 1105 2413 1198 2494; x_wconf 83' lang='lat' dir='ltr'><strong>effert,</strong></span> 
     </span>
     <span class='ocr_line' id='line_1_23' title="bbox 88 2511 1199 2597; baseline 0.005 -25"><span class='ocrx_word' id='word_1_189' title='bbox 88 2515 200 2593; x_wconf 77' lang='lat' dir='ltr'><strong>quibua</strong></span> <span class='ocrx_word' id='word_1_190' title='bbox 213 2534 366 2594; x_wconf 88' lang='lat' dir='ltr'><strong>quemque</strong></span> <span class='ocrx_word' id='word_1_191' title='bbox 382 2511 555 2571; x_wconf 84' lang='lat' dir='ltr'><strong>memoriam</strong></span> <span class='ocrx_word' id='word_1_192' title='bbox 570 2511 632 2571; x_wconf 87' lang='lat' dir='ltr'><strong>eius</strong></span> <span class='ocrx_word' id='word_1_193' title='bbox 644 2532 811 2590; x_wconf 83' lang='lat' dir='ltr'><strong>renovasse,</strong></span> <span class='ocrx_word' id='word_1_194' title='bbox 824 2513 981 2593; x_wconf 86' lang='lat' dir='ltr'><strong>superstite</strong></span> <span class='ocrx_word' id='word_1_195' title='bbox 993 2525 1022 2575; x_wconf 91' lang='lat' dir='ltr'><strong>et</strong></span> <span class='ocrx_word' id='word_1_196' title='bbox 1033 2516 1199 2597; x_wconf 85' lang='lat' dir='ltr'><strong>imperante</strong></span> 
     </span>
     <span class='ocr_line' id='line_1_24' title="bbox 86 2612 1309 2696; baseline 0.007 -22"><span class='ocrx_word' id='word_1_197' title='bbox 86 2635 268 2696; x_wconf 84' lang='lat' dir='ltr'><strong>percussore</strong></span> <span class='ocrx_word' id='word_1_198' title='bbox 282 2617 349 2675; x_wconf 85' lang='lat' dir='ltr'><strong>eiua</strong></span> <span class='ocrx_word' id='word_1_199' title='bbox 367 2613 478 2673; x_wconf 84' lang='lat' dir='ltr'><strong>Ioanne</strong></span> <span class='ocrx_word' id='word_1_200' title='bbox 489 2612 650 2690; x_wconf 85' lang='lat' dir='ltr'><strong>Tzimiace,</strong></span> <span class='ocrx_word' id='word_1_201' title='bbox 670 2614 724 2674; x_wconf 83' lang='lat' dir='ltr'><strong>vix</strong></span> <span class='ocrx_word' id='word_1_202' title='bbox 740 2624 784 2673; x_wconf 88' lang='lat' dir='ltr'><strong>eat</strong></span> <span class='ocrx_word' id='word_1_203' title='bbox 798 2615 987 2676; x_wconf 89' lang='lat' dir='ltr'><strong>credendum.</strong></span> <span class='ocrx_word' id='word_1_204' title='bbox 1018 2619 1132 2678; x_wconf 84' lang='lat' dir='ltr'><strong>Etenim</strong></span> <span class='ocrx_word' id='word_1_205' title='bbox 1144 2640 1194 2679; x_wconf 90' lang='lat' dir='ltr'><strong>re·</strong></span> <span class='ocrx_word' id='word_1_206' title='bbox 1219 2625 1247 2681; x_wconf 80' lang='grc' dir='ltr'><strong>Ρ.</strong></span> <span class='ocrx_word' id='word_1_207' title='bbox 1265 2629 1309 2682; x_wconf 73' lang='lat' dir='ltr'><strong>tu</strong></span> 
     </span>
     <span class='ocr_line' id='line_1_25' title="bbox 86 2714 1197 2797; baseline 0.005 -22"><span class='ocrx_word' id='word_1_208' title='bbox 86 2717 209 2797; x_wconf 73' lang='lat' dir='ltr'><strong>pontini</strong></span> <span class='ocrx_word' id='word_1_209' title='bbox 223 2717 373 2792; x_wconf 86' lang='lat' dir='ltr'><strong>homines,</strong></span> <span class='ocrx_word' id='word_1_210' title='bbox 382 2735 480 2795; x_wconf 87' lang='lat' dir='ltr'><strong>acper</strong></span> <span class='ocrx_word' id='word_1_211' title='bbox 492 2715 587 2773; x_wconf 89' lang='lat' dir='ltr'><strong>acelua</strong></span> <span class='ocrx_word' id='word_1_212' title='bbox 601 2714 639 2773; x_wconf 90' lang='lat' dir='ltr'><strong>ad</strong></span> <span class='ocrx_word' id='word_1_213' title='bbox 653 2736 765 2774; x_wconf 89' lang='lat' dir='ltr'><strong>summa</strong></span> <span class='ocrx_word' id='word_1_214' title='bbox 779 2717 884 2793; x_wconf 88' lang='lat' dir='ltr'><strong>evecti,</strong></span> <span class='ocrx_word' id='word_1_215' title='bbox 897 2738 955 2797; x_wconf 93' lang='lat' dir='ltr'><strong>quo</strong></span> <span class='ocrx_word' id='word_1_216' title='bbox 970 2719 1119 2779; x_wconf 81' lang='lat' dir='ltr'><strong>uberiores</strong></span> <span class='ocrx_word' id='word_1_217' title='bbox 1133 2721 1197 2780; x_wconf 82' lang='lat' dir='ltr'><strong>fru-</strong></span> 
     </span>
     <span class='ocr_line' id='line_1_26' title="bbox 90 2815 1197 2900; baseline 0.003 -22"><span class='ocrx_word' id='word_1_218' title='bbox 90 2827 159 2878; x_wconf 83' lang='lat' dir='ltr'><strong>ctus</strong></span> <span class='ocrx_word' id='word_1_219' title='bbox 168 2818 281 2900; x_wconf 87' lang='lat' dir='ltr'><strong>patrati</strong></span> <span class='ocrx_word' id='word_1_220' title='bbox 294 2817 438 2878; x_wconf 78' lang='lat' dir='ltr'><strong>facinoris</strong></span> <span class='ocrx_word' id='word_1_221' title='bbox 452 2815 584 2896; x_wconf 88' lang='lat' dir='ltr'><strong>capiunt,</strong></span> <span class='ocrx_word' id='word_1_222' title='bbox 591 2837 624 2876; x_wconf 87' lang='lat' dir='ltr'><strong>eo</strong></span> <span class='ocrx_word' id='word_1_223' title='bbox 632 2817 833 2876; x_wconf 86' lang='lat' dir='ltr'><strong>vehementius</strong></span> <span class='ocrx_word' id='word_1_224' title='bbox 843 2818 906 2878; x_wconf 92' lang='lat' dir='ltr'><strong>eius</strong></span> <span class='ocrx_word' id='word_1_225' title='bbox 917 2821 1197 2882; x_wconf 87' lang='lat' dir='ltr'><strong>commemoratione</strong></span> 
     </span>
     <span class='ocr_line' id='line_1_27' title="bbox 90 2917 1196 3000; baseline 0.003 -20"><span class='ocrx_word' id='word_1_226' title='bbox 90 2931 332 2982; x_wconf 83' lang='lat' dir='ltr'><strong>commoventur.</strong></span> <span class='ocrx_word' id='word_1_227' title='bbox 356 2919 426 2979; x_wconf 90' lang='lat' dir='ltr'><strong>ldeo</strong></span> <span class='ocrx_word' id='word_1_228' title='bbox 441 2917 574 2978; x_wconf 87' lang='lat' dir='ltr'><strong>adducor</strong></span> <span class='ocrx_word' id='word_1_229' title='bbox 585 2931 620 2978; x_wconf 87' lang='lat' dir='ltr'><strong>ut</strong></span> <span class='ocrx_word' id='word_1_230' title='bbox 633 2919 759 2996; x_wconf 85' lang='lat' dir='ltr'><strong>credam,</strong></span> <span class='ocrx_word' id='word_1_231' title='bbox 774 2922 884 3000; x_wconf 85' lang='lat' dir='ltr'><strong>scripta</strong></span> <span class='ocrx_word' id='word_1_232' title='bbox 897 2921 1057 2982; x_wconf 81' lang='lat' dir='ltr'><strong>eudemum</strong></span> <span class='ocrx_word' id='word_1_233' title='bbox 1069 2944 1130 2983; x_wconf 85' lang='lat' dir='ltr'><strong>essa</strong></span> <span class='ocrx_word' id='word_1_234' title='bbox 1141 2925 1196 2984; x_wconf 90' lang='lat' dir='ltr'><strong>sub</strong></span> 
     </span>
     <span class='ocr_line' id='line_1_28' title="bbox 88 3019 1195 3104; baseline 0.002 -22"><span class='ocrx_word' id='word_1_235' title='bbox 88 3024 203 3084; x_wconf 78' lang='lat' dir='ltr'><strong>Basilio</strong></span> <span class='ocrx_word' id='word_1_236' title='bbox 217 3033 248 3083; x_wconf 86' lang='lat' dir='ltr'><strong>et</strong></span> <span class='ocrx_word' id='word_1_237' title='bbox 260 3019 472 3097; x_wconf 77' lang='lat' dir='ltr'><strong>Constantino,</strong></span> <span class='ocrx_word' id='word_1_238' title='bbox 486 3040 586 3079; x_wconf 90' lang='lat' dir='ltr'><strong>rerum</strong></span> <span class='ocrx_word' id='word_1_239' title='bbox 599 3019 703 3102; x_wconf 84' lang='lat' dir='ltr'><strong>potitis</strong></span> <span class='ocrx_word' id='word_1_240' title='bbox 716 3041 741 3078; x_wconf 86' lang='lat' dir='ltr'><strong>a.</strong></span> <span class='ocrx_word' id='word_1_241' title='bbox 754 3025 824 3088; x_wconf 85' lang='lat'><strong>976.</strong></span> <span class='ocrx_word' id='word_1_242' title='bbox 839 3021 963 3083; x_wconf 80' lang='lat' dir='ltr'><strong>Accedit</strong></span> <span class='ocrx_word' id='word_1_243' title='bbox 976 3025 1065 3104; x_wconf 91' lang='lat' dir='ltr'><strong>quod,</strong></span> <span class='ocrx_word' id='word_1_244' title='bbox 1080 3026 1195 3104; x_wconf 84' lang='lat' dir='ltr'><strong>quoties</strong></span> 
     </span>
     <span class='ocr_line' id='line_1_29' title="bbox 87 3121 1194 3208; baseline 0.004 -23"><span class='ocrx_word' id='word_1_245' title='bbox 87 3125 240 3208; x_wconf 86' lang='lat' dir='ltr'><strong>principia</strong></span> <span class='ocrx_word' id='word_1_246' title='bbox 256 3127 293 3186; x_wconf 84' lang='lat' dir='ltr'><strong>fit</strong></span> <span class='ocrx_word' id='word_1_247' title='bbox 307 3122 431 3196; x_wconf 83' lang='lat' dir='ltr'><strong>mentio,</strong></span> <span class='ocrx_word' id='word_1_248' title='bbox 448 3122 535 3182; x_wconf 87' lang='lat' dir='ltr'><strong>toties</strong></span> <span class='ocrx_word' id='word_1_249' title='bbox 545 3134 650 3183; x_wconf 86' lang='lat' dir='ltr'><strong>auctor</strong></span> <span class='ocrx_word' id='word_1_250' title='bbox 662 3144 783 3184; x_wconf 88' lang='lat' dir='ltr'><strong>numero</strong></span> <span class='ocrx_word' id='word_1_251' title='bbox 807 3125 919 3205; x_wconf 89' lang='lat' dir='ltr'><strong>plurali</strong></span> <span class='ocrx_word' id='word_1_252' title='bbox 931 3127 1046 3186; x_wconf 88' lang='lat' dir='ltr'><strong>utitur:</strong></span> <span class='ocrx_word' id='word_1_253' title='bbox 1068 3129 1100 3189; x_wconf 86' lang='lat' dir='ltr'><strong>ol</strong></span> <span class='ocrx_word' id='word_1_254' title='bbox 1113 3121 1194 3208; x_wconf 72' lang='grc' dir='ltr'><em>ἅγιοι</em></span> 
     </span>
     <span class='ocr_line' id='line_1_30' title="bbox 87 3221 1194 3309; baseline 0.008 -29"><span class='ocrx_word' id='word_1_255' title='bbox 87 3225 181 3308; x_wconf 65' lang='grc' dir='ltr'><strong>ἡμῶν</strong></span> <span class='ocrx_word' id='word_1_256' title='bbox 194 3231 329 3309; x_wconf 70' lang='grc' dir='ltr'><strong><em>βασιλεῖς</em></strong></span> <span class='ocrx_word' id='word_1_257' title='bbox 346 3226 418 3292; x_wconf 84' lang='lat'><strong>155.</strong></span> <span class='ocrx_word' id='word_1_258' title='bbox 432 3225 463 3284; x_wconf 86' lang='lat' dir='ltr'><strong>G.</strong></span> <span class='ocrx_word' id='word_1_259' title='bbox 483 3227 543 3287; x_wconf 77' lang='lat' dir='ltr'><strong>cuir</strong></span> <span class='ocrx_word' id='word_1_260' title='bbox 557 3223 651 3307; x_wconf 70' lang='grc' dir='ltr'><em>ἁγίων</em></span> <span class='ocrx_word' id='word_1_261' title='bbox 667 3221 811 3306; x_wconf 69' lang='grc' dir='ltr'><strong><em>βασιλέων</em></strong></span> <span class='ocrx_word' id='word_1_262' title='bbox 829 3226 898 3292; x_wconf 85' lang='lat'>155·</span> <span class='ocrx_word' id='word_1_263' title='bbox 914 3227 949 3287; x_wconf 79' lang='grc' dir='ltr'><strong>Δ.</strong></span> <span class='ocrx_word' id='word_1_264' title='bbox 974 3233 1035 3289; x_wconf 77' lang='grc' dir='ltr'><strong>τῶν</strong></span> <span class='ocrx_word' id='word_1_265' title='bbox 1048 3227 1194 3307; x_wconf 76' lang='grc' dir='ltr'><em>βασιλέων</em></span> 
     </span>
     <span class='ocr_line' id='line_1_31' title="bbox 89 3326 1194 3412; baseline 0.005 -30"><span class='ocrx_word' id='word_1_266' title='bbox 89 3327 182 3410; x_wconf 64' lang='grc' dir='ltr'><strong>ήμῶν</strong></span> <span class='ocrx_word' id='word_1_267' title='bbox 194 3335 256 3392; x_wconf 78' lang='lat' dir='ltr'><strong>miv</strong></span> <span class='ocrx_word' id='word_1_268' title='bbox 272 3328 370 3412; x_wconf 62' lang='lat' dir='ltr'><strong>alpino</strong></span> <span class='ocrx_word' id='word_1_269' title='bbox 386 3327 456 3394; x_wconf 80' lang='lat'><strong>154.</strong></span> <span class='ocrx_word' id='word_1_270' title='bbox 474 3328 505 3385; x_wconf 89' lang='lat' dir='ltr'><strong>C.</strong></span> <span class='ocrx_word' id='word_1_271' title='bbox 520 3327 601 3406; x_wconf 91' lang='lat' dir='ltr'><strong>quod</strong></span> <span class='ocrx_word' id='word_1_272' title='bbox 620 3327 653 3385; x_wconf 90' lang='lat' dir='ltr'><strong>in</strong></span> <span class='ocrx_word' id='word_1_273' title='bbox 674 3326 855 3406; x_wconf 85' lang='lat' dir='ltr'><strong>geminatum</strong></span> <span class='ocrx_word' id='word_1_274' title='bbox 873 3329 975 3388; x_wconf 82' lang='lat' dir='ltr'><strong>Basilii</strong></span> <span class='ocrx_word' id='word_1_275' title='bbox 997 3339 1027 3389; x_wconf 91' lang='lat' dir='ltr'><strong>et</strong></span> <span class='ocrx_word' id='word_1_276' title='bbox 1044 3331 1194 3388; x_wconf 85' lang='lat' dir='ltr'><strong>Constan-</strong></span> 
     </span>
     <span class='ocr_line' id='line_1_32' title="bbox 92 3429 1194 3512; baseline 0.001 -23"><span class='ocrx_word' id='word_1_277' title='bbox 92 3431 150 3489; x_wconf 89' lang='lat' dir='ltr'><strong>tini</strong></span> <span class='ocrx_word' id='word_1_278' title='bbox 163 3431 327 3512; x_wconf 89' lang='lat' dir='ltr'><strong>imperium</strong></span> <span class='ocrx_word' id='word_1_279' title='bbox 341 3430 490 3510; x_wconf 87' lang='lat' dir='ltr'><strong>quadrare</strong></span> <span class='ocrx_word' id='word_1_280' title='bbox 502 3437 569 3508; x_wconf 89' lang='lat' dir='ltr'><strong>apte</strong></span> <span class='ocrx_word' id='word_1_281' title='bbox 582 3429 713 3490; x_wconf 84' lang='lat' dir='ltr'><strong>ridetur.</strong></span> <span class='ocrx_word' id='word_1_282' title='bbox 755 3429 902 3490; x_wconf 86' lang='lat' dir='ltr'><strong>Habemus</strong></span> <span class='ocrx_word' id='word_1_283' title='bbox 919 3431 1010 3509; x_wconf 85' lang='lat' dir='ltr'><strong>igitur</strong></span> <span class='ocrx_word' id='word_1_284' title='bbox 1023 3432 1056 3490; x_wconf 90' lang='lat' dir='ltr'><strong>in</strong></span> <span class='ocrx_word' id='word_1_285' title='bbox 1072 3431 1132 3492; x_wconf 91' lang='lat' dir='ltr'><strong>hoc</strong></span> <span class='ocrx_word' id='word_1_286' title='bbox 1150 3432 1194 3491; x_wconf 93' lang='lat' dir='ltr'><strong>li-</strong></span> 
     </span>
     <span class='ocr_line' id='line_1_33' title="bbox 94 3530 1194 3615; baseline 0.001 -22"><span class='ocrx_word' id='word_1_287' title='bbox 94 3533 171 3593; x_wconf 89' lang='lat' dir='ltr'><strong>bello</strong></span> <span class='ocrx_word' id='word_1_288' title='bbox 196 3534 399 3615; x_wconf 77' lang='lat' dir='ltr'><strong>perscriptam</strong></span> <span class='ocrx_word' id='word_1_289' title='bbox 422 3530 580 3609; x_wconf 82' lang='lat' dir='ltr'><strong>notitiem,</strong></span> <span class='ocrx_word' id='word_1_290' title='bbox 618 3531 868 3612; x_wconf 86' lang='lat' dir='ltr'><strong>quemadmodum</strong></span> <span class='ocrx_word' id='word_1_291' title='bbox 890 3535 1007 3594; x_wconf 87' lang='lat' dir='ltr'><strong>saeculo</strong></span> <span class='ocrx_word' id='word_1_292' title='bbox 1034 3551 1066 3594; x_wconf 85' lang='lat' dir='ltr'><strong>x.</strong></span> <span class='ocrx_word' id='word_1_293' title='bbox 1094 3534 1194 3602; x_wconf 83' lang='lat' dir='ltr'><strong>medio</strong></span> 
     </span>
     <span class='ocr_line' id='line_1_34' title="bbox 95 3632 1193 3716; baseline 0.001 -22"><span class='ocrx_word' id='word_1_294' title='bbox 95 3645 145 3695; x_wconf 90' lang='lat' dir='ltr'><strong>aut</strong></span> <span class='ocrx_word' id='word_1_295' title='bbox 159 3645 290 3696; x_wconf 81' lang='lat' dir='ltr'><strong>exeunte</strong></span> <span class='ocrx_word' id='word_1_296' title='bbox 305 3657 321 3693; x_wconf 87' lang='lat' dir='ltr'><strong>a</strong></span> <span class='ocrx_word' id='word_1_297' title='bbox 336 3634 458 3694; x_wconf 82' lang='lat' dir='ltr'><strong>Graecis</strong></span> <span class='ocrx_word' id='word_1_298' title='bbox 468 3635 516 3693; x_wconf 86' lang='lat' dir='ltr'><strong>vel</strong></span> <span class='ocrx_word' id='word_1_299' title='bbox 531 3632 791 3695; x_wconf 85' lang='lat' dir='ltr'><strong>administrabatur</strong></span> <span class='ocrx_word' id='word_1_300' title='bbox 802 3635 913 3695; x_wconf 90' lang='lat' dir='ltr'><strong>bellum</strong></span> <span class='ocrx_word' id='word_1_301' title='bbox 925 3635 958 3695; x_wconf 91' lang='lat' dir='ltr'><strong>iu</strong></span> <span class='ocrx_word' id='word_1_302' title='bbox 972 3635 1082 3716; x_wconf 85' lang='lat' dir='ltr'><strong>asperis</strong></span> <span class='ocrx_word' id='word_1_303' title='bbox 1093 3635 1193 3711; x_wconf 86' lang='lat' dir='ltr'><strong>Tauri,</strong></span> 
     </span>
     <span class='ocr_line' id='line_1_35' title="bbox 93 3735 1194 3812; baseline 0.001 -16"><span class='ocrx_word' id='word_1_304' title='bbox 93 3737 263 3812; x_wconf 79' lang='lat' dir='ltr'><strong>Antitauri,</strong></span> <span class='ocrx_word' id='word_1_305' title='bbox 287 3737 394 3796; x_wconf 80' lang='lat' dir='ltr'><strong>Amani</strong></span> <span class='ocrx_word' id='word_1_306' title='bbox 407 3735 498 3812; x_wconf 87' lang='lat' dir='ltr'><strong>locis,</strong></span> <span class='ocrx_word' id='word_1_307' title='bbox 519 3737 569 3795; x_wconf 82' lang='lat' dir='ltr'><strong>vel</strong></span> <span class='ocrx_word' id='word_1_308' title='bbox 586 3737 787 3797; x_wconf 83' lang='lat' dir='ltr'><strong>administrari</strong></span> <span class='ocrx_word' id='word_1_309' title='bbox 805 3737 962 3798; x_wconf 86' lang='lat' dir='ltr'><strong>debuisset.</strong></span> <span class='ocrx_word' id='word_1_310' title='bbox 1002 3739 1046 3798; x_wconf 86' lang='lat' dir='ltr'><strong>Ea</strong></span> <span class='ocrx_word' id='word_1_311' title='bbox 1066 3759 1127 3798; x_wconf 87' lang='lat' dir='ltr'><strong>una</strong></span> <span class='ocrx_word' id='word_1_312' title='bbox 1146 3757 1194 3797; x_wconf 88' lang='lat' dir='ltr'><strong>me</strong></span> 
     </span>
     <span class='ocr_line' id='line_1_36' title="bbox 94 3827 1271 3922; baseline -0.003 -21"><span class='ocrx_word' id='word_1_313' title='bbox 94 3841 245 3920; x_wconf 80' lang='lat' dir='ltr'><strong>permovit</strong></span> <span class='ocrx_word' id='word_1_314' title='bbox 256 3840 350 3915; x_wconf 83' lang='lat' dir='ltr'><strong>ratio,</strong></span> <span class='ocrx_word' id='word_1_315' title='bbox 373 3827 410 3898; x_wconf 83' lang='lat' dir='ltr'><strong>ut</strong></span> <span class='ocrx_word' id='word_1_316' title='bbox 424 3839 456 3897; x_wconf 94' lang='lat' dir='ltr'><strong>in</strong></span> <span class='ocrx_word' id='word_1_317' title='bbox 470 3839 610 3898; x_wconf 87' lang='lat' dir='ltr'><strong>volumen</strong></span> <span class='ocrx_word' id='word_1_318' title='bbox 623 3839 703 3898; x_wconf 91' lang='lat' dir='ltr'><strong>istuc</strong></span> <span class='ocrx_word' id='word_1_319' title='bbox 719 3841 882 3922; x_wconf 87' lang='lat' dir='ltr'><strong>reciperem</strong></span> <span class='ocrx_word' id='word_1_320' title='bbox 896 3841 1090 3922; x_wconf 89' lang='lat' dir='ltr'><strong>opusculum,</strong></span> <span class='ocrx_word' id='word_1_321' title='bbox 1112 3837 1194 3918; x_wconf 92' lang='lat' dir='ltr'><strong>quod</strong></span> <span class='ocrx_word' id='word_1_322' title='bbox 1265 3851 1271 3868; x_wconf 91' lang='lat'><em>&#39;</em></span> 
     </span>
     <span class='ocr_line' id='line_1_37' title="bbox 93 3939 1191 4024; baseline -0.002 -21"><span class='ocrx_word' id='word_1_323' title='bbox 93 3941 148 4003; x_wconf 81' lang='lat' dir='ltr'><strong>nisi</strong></span> <span class='ocrx_word' id='word_1_324' title='bbox 160 3965 220 4024; x_wconf 90' lang='lat' dir='ltr'><strong>pro</strong></span> <span class='ocrx_word' id='word_1_325' title='bbox 242 3939 460 4001; x_wconf 86' lang='lat' dir='ltr'><strong>commentario</strong></span> <span class='ocrx_word' id='word_1_326' title='bbox 474 3940 595 4001; x_wconf 86' lang='lat' dir='ltr'><strong>militari</strong></span> <span class='ocrx_word' id='word_1_327' title='bbox 612 3941 645 4000; x_wconf 92' lang='lat' dir='ltr'><strong>in</strong></span> <span class='ocrx_word' id='word_1_328' title='bbox 667 3943 869 4024; x_wconf 82' lang='lat' dir='ltr'><strong>expeditiones</strong></span> <span class='ocrx_word' id='word_1_329' title='bbox 884 3943 1000 4004; x_wconf 85' lang='lat' dir='ltr'><strong>Phocoe</strong></span> <span class='ocrx_word' id='word_1_330' title='bbox 1013 3943 1191 4002; x_wconf 82' lang='lat' dir='ltr'><strong>&#39;l&#39;zimiscae-</strong></span> 
     </span>
     <span class='ocr_line' id='line_1_38' title="bbox 94 4041 1193 4127; baseline -0.004 -22"><span class='ocrx_word' id='word_1_331' title='bbox 94 4066 176 4126; x_wconf 85' lang='lat' dir='ltr'><strong>quea</strong></span> <span class='ocrx_word' id='word_1_332' title='bbox 190 4049 298 4108; x_wconf 91' lang='lat' dir='ltr'><strong>Leone</strong></span> <span class='ocrx_word' id='word_1_333' title='bbox 313 4063 470 4124; x_wconf 84' lang='lat' dir='ltr'><strong>expressas</strong></span> <span class='ocrx_word' id='word_1_334' title='bbox 484 4041 592 4104; x_wconf 87' lang='lat' dir='ltr'><strong>habere</strong></span> <span class='ocrx_word' id='word_1_335' title='bbox 606 4043 681 4106; x_wconf 80' lang='lat' dir='ltr'><strong>velis</strong></span> <span class='ocrx_word' id='word_1_336' title='bbox 689 4091 698 4122; x_wconf 94' lang='lat'><strong>,</strong></span> <span class='ocrx_word' id='word_1_337' title='bbox 720 4042 853 4127; x_wconf 88' lang='lat' dir='ltr'><strong>alioquin</strong></span> <span class='ocrx_word' id='word_1_338' title='bbox 867 4047 954 4107; x_wconf 79' lang='lat' dir='ltr'><strong>facile</strong></span> <span class='ocrx_word' id='word_1_339' title='bbox 965 4047 1076 4121; x_wconf 82' lang='lat' dir='ltr'><strong>fateor,</strong></span> <span class='ocrx_word' id='word_1_340' title='bbox 1097 4061 1193 4122; x_wconf 90' lang='lat' dir='ltr'><strong>neque</strong></span> 
     </span>
     <span class='ocr_line' id='line_1_39' title="bbox 89 4144 1193 4228; baseline -0.004 -21"><span class='ocrx_word' id='word_1_341' title='bbox 89 4167 186 4210; x_wconf 82' lang='lat' dir='ltr'><strong>rerum</strong></span> <span class='ocrx_word' id='word_1_342' title='bbox 203 4145 316 4228; x_wconf 86' lang='lat' dir='ltr'><strong>copie,</strong></span> <span class='ocrx_word' id='word_1_343' title='bbox 338 4163 436 4226; x_wconf 86' lang='lat' dir='ltr'><strong>neque</strong></span> <span class='ocrx_word' id='word_1_344' title='bbox 456 4146 587 4208; x_wconf 88' lang='lat' dir='ltr'><strong>auctoris</strong></span> <span class='ocrx_word' id='word_1_345' title='bbox 600 4147 753 4228; x_wconf 89' lang='lat' dir='ltr'><strong>doctrina,</strong></span> <span class='ocrx_word' id='word_1_346' title='bbox 773 4149 882 4210; x_wconf 89' lang='lat' dir='ltr'><strong>nedum</strong></span> <span class='ocrx_word' id='word_1_347' title='bbox 897 4147 1040 4228; x_wconf 80' lang='lat' dir='ltr'><strong>elegantia</strong></span> <span class='ocrx_word' id='word_1_348' title='bbox 1060 4144 1193 4222; x_wconf 90' lang='lat' dir='ltr'><strong>dicendi,</strong></span> 
     </span>
    </p>
   </div>
   <div class='ocr_carea' id='block_1_3' title="bbox 0 0 1394 4658">
    <p class='ocr_par' dir='ltr' id='par_1_5' title="bbox 0 0 1394 4658">
     <span class='ocr_line' id='line_1_40' title="bbox 0 0 1394 4658; baseline 0 0"><span class='ocrx_word' id='word_1_349' title='bbox 0 0 1394 4658; x_wconf 95' lang='lat' dir='ltr'><strong> </strong></span> 
     </span>
    </p>
   </div>
  </div>
 </body>
</html>
