2786 4620
258 268 335 358 oei
436 287 667 358 axcnams
686 287 748 358 nx
767 288 937 360 maron
958 291 1143 362 mansu

256 464 357 518 suan
367 451 496 536 protecti
508 453 570 517 800
580 448 717 510 homines
727 469 797 512 cum
808 449 903 510 multra
913 449 1026 532 praeda
1035 451 1205 532 sugunt.
1244 455 1356 531 Quum

258 559 421 620 lismadasn
436 553 653 618 habitatoribus
665 571 793 614 menam
805 552 1004 629 invenissent,
1024 553 1094 634 igne
1103 557 1193 618 tentis
1204 557 1354 640 mbisets,

257 662 403 722 sbiermrt

343 761 445 824 Paullo
464 768 533 839 post
547 756 749 838 Nicephoras‚
770 757 971 820 Romanorum
988 777 1058 837 rex,
1078 759 1274 822 Antiofflm
1292 762 1353 824 ot-

256 868 335 929 sadit
348 875 379 925 et
390 863 462 922 iude
475 861 612 941 Tripolin
626 859 777 942 perrexit,
794 860 850 919 uhi
866 861 968 920 omnis
982 861 1116 922 aedificis
1129 872 1215 924 extra
1229 885 1354 926 mussans

258 971 319 1030 sits
331 962 503 1027 combussit.
546 961 620 1020 lude
636 963 790 1042 prolectas
805 981 903 1022 arcem
917 963 1015 1023 Gazae
1027 965 1258 1027 benemuuitsm
1269 969 1354 1048 cepit

257 1079 289 1132 et
303 1085 439 1146 magnam
453 1083 616 1126 naumurum
632 1063 696 1125 vim
708 1084 747 1124 ex
761 1084 794 1123 aa
809 1063 924 1143 egessit.
966 1067 1079 1126 Deinde
1092 1067 1173 1129 inter
1183 1067 1352 1130 Hsmsdsm

258 1181 289 1232 et
303 1169 450 1230 lislebnm
464 1166 614 1240 consedit,
640 1165 693 1225 uhi
708 1165 785 1226 duos
803 1186 919 1226 menses
934 1178 1131 1230 commoratus
1147 1181 1201 1234 est
1247 1173 1353 1254 cipri-

255 1272 343 1335 rarsi
359 1281 388 1332 et
401 1269 555 1348 diripienti
569 1267 655 1327 nenio
668 1277 747 1344 erat,
775 1270 828 1348 qui
842 1277 1020 1329 occurreret.
1062 1271 1242 1350 Puerorum,
1263 1275 1354 1354 puel·

257 1377 433 1454 lorumque,
456 1371 508 1450 qui
528 1371 609 1450 apud
622 1391 690 1430 eum
706 1371 803 1431 vincti
821 1383 920 1450 erant,
944 1377 1077 1452 100,000
1091 1385 1243 1435 numerata
1263 1385 1351 1454 sunt3

258 1478 338 1538 inter
350 1493 427 1555 quos
445 1493 507 1533 non
522 1472 649 1534 eratvir
663 1493 753 1534 senex
768 1483 820 1533 aut
836 1495 927 1534 senex
945 1477 1053 1536 semina
1061 1499 1070 1553 3
1091 1497 1161 1539 nam
1172 1477 1230 1538 laos
1239 1479 1352 1559 partim

259 1579 389 1653 occidit,
410 1575 520 1656 partim
538 1575 650 1638 liberos
668 1576 791 1636 dimisit.
832 1578 896 1637 Nisi
918 1579 1084 1638 mortalitas
1098 1581 1247 1639 Romanos
1260 1581 1350 1640 inva-

258 1682 363 1757 sisset,
391 1677 647 1738 etiamllalebum
673 1686 703 1736 et
720 1677 909 1738 Antiochiam
934 1679 1067 1760 cepisset.
1114 1680 1350 1762 Hierosolymam

258 1799 382 1862 quoqne
397 1779 504 1840 faciem
526 1788 728 1855 converterat,
760 1759 901 1858 quorsum
920 1790 1036 1858 tamen,
1062 1783 1135 1862 qais
1157 1783 1267 1843 milites
1288 1783 1349 1844 eius

207 1911 212 1926 ·
259 1884 350 1944 caede
362 1891 478 1962 patrate
494 1881 646 1960 defatigati
663 1891 692 1942 et
708 1880 820 1961 praeda
835 1901 941 1961 magna
957 1885 1058 1944 onusti
1071 1893 1170 1962 eraut,
1191 1886 1273 1946 abire
1286 1903 1348 1945 nou

257 1985 367 2068 potnit.

276 2127 289 2138 ··
342 2089 430 2150 Anno
446 2090 545 2160 1280,
568 2083 619 2172 qui
634 2095 680 2146 est
700 2085 830 2146 Arabum
848 2087 925 2164 359,
946 2088 1071 2148 Romani
1086 2109 1157 2150 cam
1174 2088 1347 2150 Christiania

257 2191 340 2254 arcis
359 2193 458 2251 Lucae
477 2207 573 2272 prope
593 2185 782 2250 Antiochiam
806 2189 878 2249 sitae
897 2191 1121 2272 conspirarunt,
1152 2194 1347 2272 convenitque

257 2295 340 2356 inter
361 2314 427 2372 eos,
449 2302 485 2354 ut
503 2293 536 2352 hi
558 2289 745 2351 Antiochiam
765 2291 1007 2370 ingrederentur,
1035 2312 1125 2374 saque
1144 2303 1227 2356 mem
1241 2295 1348 2355 Boma-

258 2417 369 2458 norum
389 2395 538 2475 aufugisse
559 2393 761 2472 significarent
781 2403 887 2472 atque,
917 2395 1011 2454 donec
1029 2397 1180 2502 qumans
1198 2399 1348 2456 Romano·

258 2495 326 2560 rum
348 2500 480 2573 veniret,
500 2497 543 2556 ibi
555 2504 757 2586 remanqrent,
780 2495 887 2556 deinde
902 2497 941 2554 ad
954 2498 1057 2556 urbem
1076 2497 1265 2578 aperiendam
1279 2517 1350 2557 ma-

259 2619 319 2660 nus
332 2595 712 2678 intrinsecusprseberent.
763 2597 853 2670 Quod
875 2618 967 2678 quum
989 2599 1196 2678 bifaciatam,
1221 2599 1350 2660 duorum

259 2703 408 2762 mensium
429 2701 589 2762 intervallo
611 2699 704 2759 irater
716 2699 795 2778 regis
805 2700 968 2781 Nicephori
987 2723 1053 2762 cnm
1066 2705 1182 2782 40,000
1195 2705 1349 2763 Romano·-

259 2823 329 2864 rum
348 2821 468 2864 marum
490 2799 666 2863 Antiochiae
687 2801 783 2862 cinxit
798 2811 829 2862 et
847 2811 913 2862 tum
931 2803 1112 2866 habitatores
1131 2806 1207 2866 arcis
1219 2807 1314 2866 Lucae
1330 2825 1349 2862 a

260 2915 347 2988 parte
368 2905 479 2964 montis
499 2903 649 2966 adiutores
673 2903 813 2981 luerunt,
834 2914 870 2964 ut
888 2906 1013 2966 Romani
1029 2905 1218 2968 Antiochiam
1238 2905 1351 2967 introi-

260 3018 331 3069 rent
353 3018 384 3068 et
405 3013 554 3090 caperent.
596 3004 702 3084 Magna
716 3006 758 3067 ibi
782 3007 870 3068 caede
893 3008 987 3084 sacta,
1009 3008 1284 3090 separaruntviros
1307 3008 1350 3068 ie·

260 3112 415 3192 nunasque
435 3131 518 3172 senes
540 3128 607 3182 cum
627 3106 725 3188 parvis
745 3116 860 3169 statura
880 3131 1006 3190 eosque,
1027 3131 1206 3190 quocunque
1226 3109 1349 3186 uellent,

261 3211 413 3274 discedere
435 3213 594 3276 iusserunt.
638 3211 779 3272 Virorum
800 3229 872 3270 vero
895 3212 1128 3294 feminarumque
1148 3215 1295 3274 iuvenum
1319 3219 1349 3273 st

260 3333 422 3394 puerorum
449 3316 519 3397 plus
543 3335 632 3395 quam
660 3317 774 3391 10,000
793 3312 827 3372 in
854 3323 948 3374 terras
970 3316 1173 3377 Romanorum
1194 3317 1348 3376 miserunt.

259 3415 408 3476 Halebum
422 3417 511 3477 mam
527 3419 640 3493 10,000
655 3416 789 3493 equitum
803 3435 895 3495 quum
909 3416 1069 3492 misissent,
1090 3418 1267 3478 Halebenses
1277 3437 1349 3499 pro·

259 3513 422 3592 miseram,
445 3535 477 3576 se
500 3514 661 3596 quotannis
683 3501 824 3579 Romania
845 3529 959 3580 certum
977 3519 1126 3598 quoddam
1138 3520 1284 3581 tributum
1300 3539 1349 3580 so·

260 3617 378 3676 laturos
391 3635 471 3695 esse,
492 3618 526 3678 in
546 3617 630 3678 cuius
643 3619 687 3678 rei
702 3620 792 3680 fidem
813 3624 875 3688 800
890 3619 1008 3681 obsides
1022 3622 1178 3688 dederant.
1220 3622 1264 3682 Eo
1278 3630 1350 3682 tam·
1373 3698 1376 3712 1

260 3737 336 3798 pore
356 3719 485 3779 multum
507 3718 585 3780 ballo
606 3719 749 3782 inclaruit
768 3721 929 3802 imperator
949 3722 1153 3806 Nicephorns,
1175 3725 1229 3805 qui
1250 3740 1349 3784 omnes

262 3818 383 3878 Ciliciae
394 3820 500 3903 urbes,
519 3823 708 3886 Antiochiam
721 3834 750 3884 et
764 3823 881 3905 Syriam
893 3825 926 3885 in
937 3835 1113 3905 potestatem
1128 3845 1213 3886 suam
1227 3825 1349 3902 redegit,

262 3937 354 4001 qaam
368 3922 407 3982 ob
425 3942 490 3984 rem
507 3947 608 3988 omnes
621 3927 753 3988 habam
764 3937 865 4006 gentes
876 3937 957 3986 metu
971 3929 1127 4010 perculsae
1138 3935 1219 3987 sunt.
1249 3925 1348 4005 Itaque

263 4023 363 4084 auimo
393 4024 489 4086 elatus
511 4029 728 4112 imperatricem
759 4029 999 4110 Theophaniam,
1032 4029 1223 4112 Imperatoris
1240 4029 1349 4088 Boma-

262 4125 297 4186 ni
310 4145 447 4206 uxorem,
458 4129 586 4194 invitam
598 4141 708 4208 mmen,
720 4131 779 4192 sibi
793 4131 968 4210 coniunxit5
988 4152 1087 4213 neque
1100 4131 1157 4193 hsc
1174 4149 1208 4192 rs
1225 4135 1348 4190 conten·

263 4233 315 4286 tua
330 4229 407 4291 duos
416 4252 418 4261 ¹
427 4229 515 4293 lanias
530 4231 626 4312 filios,
647 4232 789 4294 Basiliam
807 4241 838 4294 et
853 4234 1080 4302 Constantinam
1096 4243 1227 4298 matram
1244 4231 1348 4308 voluit,
1373 4223 1377 4234 ’
